3070 5118
559 1293 776 1376 XXIX.

241 1451 589 1598 Privilegium
626 1457 1096 1561 ecelesiasticorum

594 1617 746 1720 1222.

130 1855 174 1921 In
198 1859 326 1924 nomine
348 1859 452 1925 Patris
476 1869 507 1925 et
528 1858 605 1924 Filii
627 1867 659 1923 et
681 1859 818 1947 Spiritus
842 1857 961 1924 Sancti.
1006 1857 1122 1922 Amen.
1224 1919 1228 1924 ,
1289 1876 1302 1886 ”
1426 1819 1430 1822 .

125 1961 201 2027 Nos
224 1962 394 2030 Ottocarus
418 1963 480 2029 Dei
514 1964 617 2048 gratia
639 1963 853 2030 Bohemorum
888 1985 958 2046 rex,
981 1960 1136 2028 universis
1161 1959 1281 2027 Christi

41 2062 201 2130 fidelibus
222 2069 401 2154 praesentis
422 2067 585 2157 privilegii
607 2066 717 2136 literas
742 2067 942 2154 inspecturis.

124 2169 300 2237 Humanae
321 2181 454 2238 naturae
477 2170 618 2238 conditio
641 2193 768 2259 semper
790 2171 887 2237 trabit
906 2172 948 2236 ad
967 2193 1002 2236 se
1024 2169 1162 2236 hominis
1185 2171 1279 2236 mise·

39 2274 118 2338 riam
156 2283 193 2340 et
225 2274 397 2358 defectam,
428 2285 460 2342 et
492 2286 610 2364 quanto
645 2275 717 2364 plus
751 2275 847 2341 homo
880 2276 915 2340 in
951 2275 1012 2341 hoc
1045 2275 1166 2340 mundo
1200 2275 1279 2340 foris

38 2379 240 2445 transitoriis
272 2380 368 2446 rebus
400 2379 587 2464 involvitur,
620 2389 710 2446 tanto
744 2381 848 2465 magis
888 2380 989 2445 virtus
1023 2379 1155 2444 interior
1189 2399 1278 2444 euer-

39 2493 144 2548 vatur.
194 2482 289 2550 Unde
321 2507 430 2550 veram
470 2483 630 2549 credimus
664 2482 803 2550 salubris
836 2483 961 2548 consilii
1007 2483 1209 2560 medicinam,
1240 2491 1277 2548 ut

38 2589 122 2653 sicut
145 2587 222 2676 quis
255 2589 341 2654 cadit
362 2612 422 2675 per
444 2589 569 2672 vitium,
594 2589 641 2654 sic
664 2596 828 2654 assuescat
849 2607 1017 2674 resurgere
1038 2609 1096 2673 per
1117 2588 1277 2670 virtutem,

36 2693 184 2758 maxime
213 2693 268 2780 jus
301 2694 472 2759 restituens
502 2692 652 2776 alienum,
676 2690 762 2779 quod
795 2691 918 2756 nullum
941 2712 1036 2777 posse
1058 2690 1181 2778 absque
1203 2713 1277 2777 pec·

36 2807 107 2862 cato
152 2806 189 2862 et
227 2799 338 2863 mortis
379 2798 510 2864 interitu
553 2795 706 2880 detinere,
743 2796 876 2862 credere
916 2817 996 2882 pure
1037 2817 1207 2884 possumus
1246 2806 1279 2860 et

35 2899 208 2966 debemus.
251 2899 340 2966 Hinc
369 2910 417 2966 est
449 2903 558 2987 igitur,
582 2900 669 2988 quod
702 2903 868 2966 universos
903 2897 1050 2965 volumus
1080 2899 1275 2984 oculatam,

35 3003 121 3090 quod
158 3025 234 3069 eum
266 3004 350 3070 inter
382 3027 441 3070 nos
470 3015 502 3070 et
523 3004 742 3072 venerabilem
764 3014 889 3094 patrem
912 3004 1076 3070 dominum
1101 3001 1274 3088 Andream,

34 3107 236 3195 Progensem
261 3109 456 3196 episcopum,
480 3131 578 3197 super
601 3109 749 3175 libertate
771 3109 944 3195 Pragensis
968 3107 1125 3175 ecclesiae
1149 3117 1181 3173 st
1202 3108 1275 3174 aliis

35 3211 187 3278 articulis
220 3212 307 3300 apud
341 3237 477 3280 examen
509 3214 594 3280 sedis
617 3213 812 3302 apostolicae
835 3214 981 3301 quaestio
1004 3221 1194 3296 verteretur,
1218 3235 1277 3300 per

35 3317 233 3382 sanctissimi
268 3319 379 3404 patris,
403 3317 523 3384 domini
544 3318 680 3386 Honorii
703 3319 814 3403 Tertii,
838 3319 952 3384 summi
975 3317 1145 3405 pontificis,
1168 3317 1275 3404 provi-

35 3419 181 3486 dentiam
204 3418 245 3486 de
267 3421 431 3487 voluntate
453 3423 592 3509 partium
612 3433 661 3488 cst
683 3431 845 3502 statutum,
863 3431 897 3488 ut
916 3421 1084 3510 deperdita
1106 3421 1276 3509 privilegia

34 3535 147 3590 nostra
171 3532 204 3590 et
233 3533 471 3592 antecessorum
502 3535 695 3610 nostrorum,
729 3549 866 3614 quorum
900 3537 1042 3592 tenorem
1076 3525 1163 3591 idem
1193 3527 1274 3612 epis-

34 3649 135 3714 copus
160 3650 220 3695 suo
238 3629 423 3716 juramento
445 3629 606 3718 probaret,
626 3654 685 3696 nos
704 3641 884 3696 restaurare
896 3629 1049 3716 Pragensi
1074 3629 1274 3716 episcopatui

35 3741 67 3796 et
89 3731 254 3800 ecclesiae
287 3732 486 3803 deberemus.
530 3735 594 3801 Pro
629 3756 691 3822 quo
724 3733 881 3822 siquidem
913 3743 945 3800 et
967 3735 1038 3799 aliis
1061 3732 1274 3819 adimplendis

34 3859 106 3901 oum
137 3837 334 3903 venerabilis
367 3847 467 3926 pater,
491 3839 637 3905 dominus
661 3839 837 3926 Gregorius
870 3838 911 3904 da
934 3837 1130 3921 (irascendo,
1163 3837 1274 3902 Sancti

32 3939 200 4007 Theodori
223 3941 376 4007 diaconus
399 3942 581 4021 cardinalis,
604 3945 637 4008 in
666 3965 765 4029 regno
789 3945 941 4010 Boemiae
974 3942 1144 4030 legationis
1167 3941 1273 4006 officio

34 4043 236 4131 fungeretur,
259 4054 292 4110 et
313 4045 398 4112 idem
422 4047 592 4134 episcopus
618 4049 650 4111 in
673 4048 773 4133 ipsius
804 4047 1000 4113 venerabilis
1029 4048 1131 4134 patris
1153 4045 1275 4111 domini

32 4147 132 4233 legati
166 4150 359 4236 praesentia,
393 4150 502 4216 multis
546 4151 748 4218 adstantibus
782 4153 950 4240 episcopis,
983 4150 1165 4233 abbatibus,
1202 4148 1274 4214 aliis

33 4252 246 4318 ecclesiarum
280 4253 434 4342 praelatis
457 4263 490 4320 et
511 4255 687 4343 majoribus
713 4255 885 4321 baronibus
908 4257 1003 4341 regni
1024 4257 1135 4339 nostri,
1159 4275 1270 4320 secun-

34 4355 110 4422 dum
142 4366 287 4423 tenorem
321 4359 404 4424 infra
434 4360 572 4447 positum
606 4360 802 4448 praestiterit
818 4361 1049 4450 juramentum,
1072 4382 1132 4424 nos
1155 4359 1272 4440 omnia,

33 4481 117 4546 quae
135 4462 270 4548 juravit,
293 4463 470 4550 adimplere
493 4463 649 4549 volentes,
673 4467 872 4552 episcopatui
893 4473 925 4531 et
947 4463 1102 4531 ecelesiae
1118 4463 1273 4548 Pragensi

34 4565 245 4650 privilegium
268 4566 470 4654 deperditum
493 4567 600 4634 taliter
622 4578 857 4635 restauramus:
