<?xml version="1.0" encoding="UTF-8"?>
<!DOCTYPE html PUBLIC "-//W3C//DTD XHTML 1.0 Transitional//EN"
    "http://www.w3.org/TR/xhtml1/DTD/xhtml1-transitional.dtd">
<html xmlns="http://www.w3.org/1999/xhtml" xml:lang="en" lang="en">
 <head>
  <title>
</title>
<meta http-equiv="Content-Type" content="text/html;charset=utf-8" />
  <meta name='ocr-system' content='tesseract 3.04.00' />
  <meta name='ocr-capabilities' content='ocr_page ocr_carea ocr_par ocr_line ocrx_word'/>
</head>
<body>
  <div class='ocr_page' id='page_1' title='image "./svodzkonuvslova00jiregoog/svodzkonuvslova00jiregoog_0541.png"; bbox 0 0 3070 5118; ppageno 0'>
   <div class='ocr_carea' id='block_1_1' title="bbox 259 479 1143 551">
    <p class='ocr_par' dir='ltr' id='par_1_1' title="bbox 259 479 1143 551">
     <span class='ocr_line' id='line_1_1' title="bbox 259 479 1143 551; baseline -0.011 -6"><span class='ocrx_word' id='word_1_1' title='bbox 259 479 336 551; x_wconf 83' lang='grc'><strong>494</strong></span> <span class='ocrx_word' id='word_1_2' title='bbox 596 487 692 540; x_wconf 81' lang='lat' dir='ltr'>XXIX.</span> <span class='ocrx_word' id='word_1_3' title='bbox 710 486 879 551; x_wconf 79' lang='lat' dir='ltr'><strong>Privilegium</strong></span> <span class='ocrx_word' id='word_1_4' title='bbox 897 485 1143 540; x_wconf 82' lang='lat' dir='ltr'><strong>ecclesiasticorum.</strong></span> 
     </span>
    </p>
   </div>
   <div class='ocr_carea' id='block_1_2' title="bbox 198 677 1529 4727">
    <p class='ocr_par' dir='ltr' id='par_1_2' title="bbox 254 677 1498 1601">
     <span class='ocr_line' id='line_1_2' title="bbox 344 677 1493 767; baseline -0.004 -22"><span class='ocrx_word' id='word_1_5' title='bbox 344 678 399 767; x_wconf 89' lang='grc' dir='ltr'>(Ι.)</span> <span class='ocrx_word' id='word_1_6' title='bbox 443 679 497 745; x_wconf 87' lang='lat' dir='ltr'><strong>Ad</strong></span> <span class='ocrx_word' id='word_1_7' title='bbox 529 677 683 746; x_wconf 85' lang='lat' dir='ltr'>honorem</span> <span class='ocrx_word' id='word_1_8' title='bbox 715 679 814 764; x_wconf 86' lang='lat' dir='ltr'><strong>igitur</strong></span> <span class='ocrx_word' id='word_1_9' title='bbox 835 678 898 744; x_wconf 88' lang='lat' dir='ltr'><strong>Dei</strong></span> <span class='ocrx_word' id='word_1_10' title='bbox 930 680 1031 766; x_wconf 90' lang='lat' dir='ltr'><strong>patris</strong></span> <span class='ocrx_word' id='word_1_11' title='bbox 1053 688 1086 745; x_wconf 88' lang='lat' dir='ltr'><strong>et</strong></span> <span class='ocrx_word' id='word_1_12' title='bbox 1108 679 1275 745; x_wconf 85' lang='lat' dir='ltr'><strong>beatorum</strong></span> <span class='ocrx_word' id='word_1_13' title='bbox 1309 684 1493 763; x_wconf 81' lang='lat' dir='ltr'><strong>martyrum</strong></span> 
     </span>
     <span class='ocr_line' id='line_1_3' title="bbox 261 781 1498 870; baseline -0.005 -20"><span class='ocrx_word' id='word_1_14' title='bbox 261 785 338 869; x_wconf 91' lang='lat' dir='ltr'><strong>Viti,</strong></span> <span class='ocrx_word' id='word_1_15' title='bbox 361 782 545 850; x_wconf 89' lang='lat' dir='ltr'><strong>chceslai</strong></span> <span class='ocrx_word' id='word_1_16' title='bbox 573 793 605 848; x_wconf 89' lang='lat' dir='ltr'><strong>et</strong></span> <span class='ocrx_word' id='word_1_17' title='bbox 627 782 805 866; x_wconf 85' lang='lat' dir='ltr'><strong>Adalberti,</strong></span> <span class='ocrx_word' id='word_1_18' title='bbox 827 793 1033 870; x_wconf 90' lang='lat' dir='ltr'><strong>patronorum</strong></span> <span class='ocrx_word' id='word_1_19' title='bbox 1065 793 1259 866; x_wconf 90' lang='lat' dir='ltr'><strong>nostrorum,</strong></span> <span class='ocrx_word' id='word_1_20' title='bbox 1290 803 1351 869; x_wconf 87' lang='lat' dir='ltr'><strong>pro</strong></span> <span class='ocrx_word' id='word_1_21' title='bbox 1385 781 1498 846; x_wconf 90' lang='grc'><strong>000010-</strong></span> 
     </span>
     <span class='ocr_line' id='line_1_4' title="bbox 258 885 1497 980; baseline -0.005 -25"><span class='ocrx_word' id='word_1_22' title='bbox 258 890 347 955; x_wconf 88' lang='grc'><strong>01000</strong></span> <span class='ocrx_word' id='word_1_23' title='bbox 376 899 580 977; x_wconf 86' lang='lat' dir='ltr'><strong>peccatorum</strong></span> <span class='ocrx_word' id='word_1_24' title='bbox 605 898 637 953; x_wconf 92' lang='lat' dir='ltr'><strong>et</strong></span> <span class='ocrx_word' id='word_1_25' title='bbox 658 898 898 954; x_wconf 80' lang='lat' dir='ltr'><strong>antecessorum</strong></span> <span class='ocrx_word' id='word_1_26' title='bbox 928 899 1109 954; x_wconf 90' lang='lat' dir='ltr'><strong>nostrorum</strong></span> <span class='ocrx_word' id='word_1_27' title='bbox 1144 889 1285 956; x_wconf 87' lang='lat' dir='ltr'><strong>omnium</strong></span> <span class='ocrx_word' id='word_1_28' title='bbox 1312 885 1497 980; x_wconf 63' lang='lat' dir='ltr'><strong>animabus,</strong></span> 
     </span>
     <span class='ocr_line' id='line_1_5' title="bbox 257 991 1496 1081; baseline -0.004 -22"><span class='ocrx_word' id='word_1_29' title='bbox 257 993 463 1060; x_wconf 80' lang='lat' dir='ltr'><strong>concedimus</strong></span> <span class='ocrx_word' id='word_1_30' title='bbox 486 1002 518 1058; x_wconf 93' lang='lat' dir='ltr'><strong>et</strong></span> <span class='ocrx_word' id='word_1_31' title='bbox 540 992 864 1078; x_wconf 87' lang='lat' dir='ltr'><strong>donamusPragensi</strong></span> <span class='ocrx_word' id='word_1_32' title='bbox 885 995 1086 1081; x_wconf 88' lang='lat' dir='ltr'><strong>episcopatui</strong></span> <span class='ocrx_word' id='word_1_33' title='bbox 1108 1000 1140 1058; x_wconf 91' lang='grc'><strong>01</strong></span> <span class='ocrx_word' id='word_1_34' title='bbox 1161 991 1319 1058; x_wconf 88' lang='lat' dir='ltr'><strong>ecclesiae</strong></span> <span class='ocrx_word' id='word_1_35' title='bbox 1341 1001 1376 1058; x_wconf 88' lang='lat' dir='ltr'><strong>et</strong></span> <span class='ocrx_word' id='word_1_36' title='bbox 1393 991 1496 1057; x_wconf 89' lang='lat' dir='ltr'><strong>homi·</strong></span> 
     </span>
     <span class='ocr_line' id='line_1_6' title="bbox 256 1095 1498 1186; baseline -0.003 -23"><span class='ocrx_word' id='word_1_37' title='bbox 256 1098 351 1164; x_wconf 90' lang='lat' dir='ltr'><strong>nibus</strong></span> <span class='ocrx_word' id='word_1_38' title='bbox 384 1107 449 1162; x_wconf 86' lang='lat' dir='ltr'><strong>tam</strong></span> <span class='ocrx_word' id='word_1_39' title='bbox 482 1098 583 1184; x_wconf 89' lang='lat' dir='ltr'><strong>ipsius</strong></span> <span class='ocrx_word' id='word_1_40' title='bbox 613 1097 756 1186; x_wconf 77' lang='lat' dir='ltr'><strong>episcopi</strong></span> <span class='ocrx_word' id='word_1_41' title='bbox 782 1120 878 1185; x_wconf 88' lang='lat' dir='ltr'><strong>quam</strong></span> <span class='ocrx_word' id='word_1_42' title='bbox 912 1095 1068 1163; x_wconf 86' lang='lat' dir='ltr'><strong>ecclesiae</strong></span> <span class='ocrx_word' id='word_1_43' title='bbox 1090 1120 1219 1162; x_wconf 86' lang='lat' dir='ltr'><strong>omnem</strong></span> <span class='ocrx_word' id='word_1_44' title='bbox 1241 1096 1440 1178; x_wconf 88' lang='lat' dir='ltr'><strong>libertatem,</strong></span> <span class='ocrx_word' id='word_1_45' title='bbox 1466 1107 1498 1160; x_wconf 89' lang='grc'><strong>01</strong></span> 
     </span>
     <span class='ocr_line' id='line_1_7' title="bbox 255 1199 1497 1290; baseline -0.003 -22"><span class='ocrx_word' id='word_1_46' title='bbox 255 1203 446 1268; x_wconf 74' lang='lat' dir='ltr'><strong>remittimus</strong></span> <span class='ocrx_word' id='word_1_47' title='bbox 474 1203 535 1287; x_wconf 90' lang='lat' dir='ltr'><strong>ipsi</strong></span> <span class='ocrx_word' id='word_1_48' title='bbox 569 1201 768 1290; x_wconf 87' lang='lat' dir='ltr'><strong>episcopatui</strong></span> <span class='ocrx_word' id='word_1_49' title='bbox 801 1212 833 1266; x_wconf 87' lang='lat' dir='ltr'><strong>et</strong></span> <span class='ocrx_word' id='word_1_50' title='bbox 865 1199 1021 1268; x_wconf 87' lang='lat' dir='ltr'><strong>ecclesiae</strong></span> <span class='ocrx_word' id='word_1_51' title='bbox 1043 1211 1075 1266; x_wconf 90' lang='lat' dir='ltr'><strong>et</strong></span> <span class='ocrx_word' id='word_1_52' title='bbox 1096 1201 1278 1266; x_wconf 89' lang='lat' dir='ltr'><strong>hominibus</strong></span> <span class='ocrx_word' id='word_1_53' title='bbox 1314 1199 1497 1266; x_wconf 87' lang='lat' dir='ltr'><strong>eorundem</strong></span> 
     </span>
     <span class='ocr_line' id='line_1_8' title="bbox 254 1303 1495 1392; baseline -0.002 -20"><span class='ocrx_word' id='word_1_54' title='bbox 254 1328 380 1372; x_wconf 89' lang='lat' dir='ltr'><strong>omnem</strong></span> <span class='ocrx_word' id='word_1_55' title='bbox 419 1307 628 1389; x_wconf 79' lang='lat' dir='ltr'><strong>exactionem,</strong></span> <span class='ocrx_word' id='word_1_56' title='bbox 667 1307 736 1370; x_wconf 88' lang='lat' dir='ltr'><strong>sive</strong></span> <span class='ocrx_word' id='word_1_57' title='bbox 770 1305 1041 1392; x_wconf 75' lang='lat' dir='ltr'><strong>inquietationem,</strong></span> <span class='ocrx_word' id='word_1_58' title='bbox 1080 1304 1311 1388; x_wconf 87' lang='lat' dir='ltr'><strong>venditionem,</strong></span> <span class='ocrx_word' id='word_1_59' title='bbox 1350 1303 1495 1386; x_wconf 75' lang='lat' dir='ltr'><strong>ntrok,</strong></span> 
     </span>
     <span class='ocr_line' id='line_1_9' title="bbox 255 1407 1494 1497; baseline -0.004 -19"><span class='ocrx_word' id='word_1_60' title='bbox 255 1409 362 1492; x_wconf 85' lang='lat' dir='ltr'><strong>evod,</strong></span> <span class='ocrx_word' id='word_1_61' title='bbox 387 1409 551 1492; x_wconf 84' lang='lat' dir='ltr'><strong>blavam,</strong></span> <span class='ocrx_word' id='word_1_62' title='bbox 575 1413 681 1494; x_wconf 70' lang='lat' dir='ltr'><strong>vrez,</strong></span> <span class='ocrx_word' id='word_1_63' title='bbox 712 1407 863 1475; x_wconf 89' lang='lat' dir='ltr'><strong>collectas</strong></span> <span class='ocrx_word' id='word_1_64' title='bbox 891 1410 1067 1497; x_wconf 80' lang='lat' dir='ltr'><strong>generales,</strong></span> <span class='ocrx_word' id='word_1_65' title='bbox 1102 1409 1342 1475; x_wconf 87' lang='lat' dir='ltr'><strong>aedificationes</strong></span> <span class='ocrx_word' id='word_1_66' title='bbox 1374 1421 1494 1474; x_wconf 88' lang='lat' dir='ltr'><strong>castro-</strong></span> 
     </span>
     <span class='ocr_line' id='line_1_10' title="bbox 255 1513 1495 1601; baseline -0.002 -19"><span class='ocrx_word' id='word_1_67' title='bbox 255 1539 335 1599; x_wconf 87' lang='lat' dir='ltr'><strong>rum,</strong></span> <span class='ocrx_word' id='word_1_68' title='bbox 355 1515 482 1594; x_wconf 88' lang='lat' dir='ltr'><strong>fossata,</strong></span> <span class='ocrx_word' id='word_1_69' title='bbox 498 1513 677 1601; x_wconf 75' lang='grc'><strong>00000100,</strong></span> <span class='ocrx_word' id='word_1_70' title='bbox 701 1514 861 1601; x_wconf 81' lang='lat' dir='ltr'><strong>prdvod,</strong></span> <span class='ocrx_word' id='word_1_71' title='bbox 883 1517 1000 1579; x_wconf 75' lang='grc'><strong>00010</strong></span> <span class='ocrx_word' id='word_1_72' title='bbox 1023 1525 1055 1579; x_wconf 89' lang='grc'><strong>01</strong></span> <span class='ocrx_word' id='word_1_73' title='bbox 1076 1515 1184 1580; x_wconf 89' lang='lat' dir='ltr'><strong>omnia</strong></span> <span class='ocrx_word' id='word_1_74' title='bbox 1205 1513 1269 1578; x_wconf 86' lang='lat' dir='ltr'><strong>elia</strong></span> <span class='ocrx_word' id='word_1_75' title='bbox 1290 1515 1495 1599; x_wconf 75' lang='lat' dir='ltr'><strong>gravamina,</strong></span> 
     </span>
    </p>

    <p class='ocr_par' dir='ltr' id='par_1_3' title="bbox 251 1617 1493 2123">
     <span class='ocr_line' id='line_1_11' title="bbox 341 1617 1493 1708; baseline -0.003 -23"><span class='ocrx_word' id='word_1_76' title='bbox 341 1619 413 1708; x_wconf 86' lang='grc' dir='ltr'>(Π.)</span> <span class='ocrx_word' id='word_1_77' title='bbox 457 1617 550 1683; x_wconf 83' lang='lat' dir='ltr'><strong>Etsi</strong></span> <span class='ocrx_word' id='word_1_78' title='bbox 572 1619 643 1704; x_wconf 90' lang='lat' dir='ltr'><strong>quis</strong></span> <span class='ocrx_word' id='word_1_79' title='bbox 665 1618 707 1683; x_wconf 93' lang='lat' dir='ltr'><strong>de</strong></span> <span class='ocrx_word' id='word_1_80' title='bbox 729 1617 911 1684; x_wconf 91' lang='lat' dir='ltr'><strong>hominibus</strong></span> <span class='ocrx_word' id='word_1_81' title='bbox 933 1621 1137 1707; x_wconf 89' lang='lat' dir='ltr'><strong>episcopatus</strong></span> <span class='ocrx_word' id='word_1_82' title='bbox 1159 1618 1213 1684; x_wconf 91' lang='lat' dir='ltr'><strong>vel</strong></span> <span class='ocrx_word' id='word_1_83' title='bbox 1235 1617 1493 1684; x_wconf 81' lang='grc' dir='ltr'><strong>000100100οΡ00-</strong></span> 
     </span>
     <span class='ocr_line' id='line_1_12' title="bbox 252 1721 1490 1812; baseline -0.002 -23"><span class='ocrx_word' id='word_1_84' title='bbox 252 1725 360 1812; x_wconf 84' lang='lat' dir='ltr'><strong>gensis</strong></span> <span class='ocrx_word' id='word_1_85' title='bbox 383 1722 501 1788; x_wconf 89' lang='lat' dir='ltr'><strong>furtum</strong></span> <span class='ocrx_word' id='word_1_86' title='bbox 523 1721 576 1788; x_wconf 89' lang='lat' dir='ltr'><strong>vcl</strong></span> <span class='ocrx_word' id='word_1_87' title='bbox 597 1723 743 1809; x_wconf 87' lang='lat' dir='ltr'><strong>rapinem</strong></span> <span class='ocrx_word' id='word_1_88' title='bbox 762 1722 815 1788; x_wconf 90' lang='lat' dir='ltr'><strong>vel</strong></span> <span class='ocrx_word' id='word_1_89' title='bbox 834 1722 929 1790; x_wconf 87' lang='lat' dir='ltr'><strong>aliam</strong></span> <span class='ocrx_word' id='word_1_90' title='bbox 946 1723 1170 1812; x_wconf 90' lang='lat' dir='ltr'><strong>hujuscemodi</strong></span> <span class='ocrx_word' id='word_1_91' title='bbox 1185 1721 1342 1809; x_wconf 79' lang='lat' dir='ltr'><strong>grandem</strong></span> <span class='ocrx_word' id='word_1_92' title='bbox 1361 1721 1490 1808; x_wconf 86' lang='lat' dir='ltr'><strong>culpam</strong></span> 
     </span>
     <span class='ocr_line' id='line_1_13' title="bbox 253 1827 1492 1920; baseline -0.002 -27"><span class='ocrx_word' id='word_1_93' title='bbox 253 1829 500 1920; x_wconf 85' lang='lat' dir='ltr'><strong>perpetraverit,</strong></span> <span class='ocrx_word' id='word_1_94' title='bbox 536 1837 735 1914; x_wconf 90' lang='lat' dir='ltr'><strong>perpetrator</strong></span> <span class='ocrx_word' id='word_1_95' title='bbox 772 1829 914 1894; x_wconf 89' lang='lat' dir='ltr'><strong>criminis</strong></span> <span class='ocrx_word' id='word_1_96' title='bbox 952 1829 1132 1894; x_wconf 85' lang='lat' dir='ltr'><strong>sententiae</strong></span> <span class='ocrx_word' id='word_1_97' title='bbox 1170 1828 1279 1912; x_wconf 80' lang='lat' dir='ltr'><strong>regiae</strong></span> <span class='ocrx_word' id='word_1_98' title='bbox 1322 1827 1492 1912; x_wconf 83' lang='lat' dir='ltr'><strong>potestatis</strong></span> 
     </span>
     <span class='ocr_line' id='line_1_14' title="bbox 251 1929 1488 2020; baseline -0.002 -23"><span class='ocrx_word' id='word_1_99' title='bbox 251 1931 424 2020; x_wconf 90' lang='lat' dir='ltr'><strong>subjaccat,</strong></span> <span class='ocrx_word' id='word_1_100' title='bbox 447 1940 478 1995; x_wconf 89' lang='grc'><strong>01</strong></span> <span class='ocrx_word' id='word_1_101' title='bbox 499 1931 672 2015; x_wconf 84' lang='lat' dir='ltr'><strong>Pragensis</strong></span> <span class='ocrx_word' id='word_1_102' title='bbox 695 1929 831 1998; x_wconf 85' lang='lat' dir='ltr'><strong>ecclesia</strong></span> <span class='ocrx_word' id='word_1_103' title='bbox 861 1931 912 1997; x_wconf 89' lang='lat' dir='ltr'><strong>vel</strong></span> <span class='ocrx_word' id='word_1_104' title='bbox 938 1934 1152 2020; x_wconf 89' lang='lat' dir='ltr'><strong>episcopatus,</strong></span> <span class='ocrx_word' id='word_1_105' title='bbox 1177 1933 1269 2019; x_wconf 88' lang='lat' dir='ltr'><strong>cujus</strong></span> <span class='ocrx_word' id='word_1_106' title='bbox 1293 1929 1394 1996; x_wconf 89' lang='lat' dir='ltr'><strong>homo</strong></span> <span class='ocrx_word' id='word_1_107' title='bbox 1419 1932 1488 2010; x_wconf 88' lang='lat' dir='ltr'><strong>erit,</strong></span> 
     </span>
     <span class='ocr_line' id='line_1_15' title="bbox 251 2033 777 2123; baseline 0.008 -23"><span class='ocrx_word' id='word_1_108' title='bbox 251 2037 354 2123; x_wconf 80' lang='lat' dir='ltr'><strong>ipsine</strong></span> <span class='ocrx_word' id='word_1_109' title='bbox 377 2034 527 2100; x_wconf 86' lang='lat' dir='ltr'><strong>vendicet</strong></span> <span class='ocrx_word' id='word_1_110' title='bbox 549 2033 726 2104; x_wconf 81' lang='lat' dir='ltr'><strong>facultates.</strong></span> <span class='ocrx_word' id='word_1_111' title='bbox 770 2083 777 2104; x_wconf 87' lang='lat'><strong>.</strong></span> 
     </span>
    </p>

    <p class='ocr_par' dir='ltr' id='par_1_4' title="bbox 251 2137 1489 2332">
     <span class='ocr_line' id='line_1_16' title="bbox 339 2137 1487 2228; baseline -0.002 -24"><span class='ocrx_word' id='word_1_112' title='bbox 339 2138 428 2228; x_wconf 79' lang='lat'>(111.)</span> <span class='ocrx_word' id='word_1_113' title='bbox 472 2139 508 2204; x_wconf 81' lang='lat' dir='ltr'><strong>Si</strong></span> <span class='ocrx_word' id='word_1_114' title='bbox 531 2141 602 2225; x_wconf 92' lang='lat' dir='ltr'><strong>quis</strong></span> <span class='ocrx_word' id='word_1_115' title='bbox 625 2141 719 2205; x_wconf 88' lang='lat' dir='ltr'><strong>etiam</strong></span> <span class='ocrx_word' id='word_1_116' title='bbox 742 2139 892 2204; x_wconf 86' lang='lat' dir='ltr'><strong>inbonis</strong></span> <span class='ocrx_word' id='word_1_117' title='bbox 927 2143 1130 2228; x_wconf 85' lang='lat' dir='ltr'><strong>episcopatus</strong></span> <span class='ocrx_word' id='word_1_118' title='bbox 1152 2138 1214 2206; x_wconf 89' lang='lat' dir='ltr'><strong>vel.</strong></span> <span class='ocrx_word' id='word_1_119' title='bbox 1228 2137 1393 2204; x_wconf 85' lang='lat' dir='ltr'><strong>ecclesiae</strong></span> <span class='ocrx_word' id='word_1_120' title='bbox 1416 2138 1487 2202; x_wconf 81' lang='lat' dir='ltr'><strong>Pra-</strong></span> 
     </span>
     <span class='ocr_line' id='line_1_17' title="bbox 251 2241 1489 2332; baseline -0.006 -22"><span class='ocrx_word' id='word_1_121' title='bbox 251 2245 361 2330; x_wconf 85' lang='lat' dir='ltr'><strong>gensis</strong></span> <span class='ocrx_word' id='word_1_122' title='bbox 386 2241 594 2310; x_wconf 86' lang='lat' dir='ltr'><strong>homicidium</strong></span> <span class='ocrx_word' id='word_1_123' title='bbox 609 2247 862 2330; x_wconf 77' lang='lat' dir='ltr'><strong>praesumpserit</strong></span> <span class='ocrx_word' id='word_1_124' title='bbox 886 2253 1071 2332; x_wconf 88' lang='lat' dir='ltr'><strong>perpetrare</strong></span> <span class='ocrx_word' id='word_1_125' title='bbox 1094 2255 1126 2308; x_wconf 89' lang='lat' dir='ltr'><strong>et</strong></span> <span class='ocrx_word' id='word_1_126' title='bbox 1147 2241 1311 2308; x_wconf 80' lang='lat' dir='ltr'><strong>homicida</strong></span> <span class='ocrx_word' id='word_1_127' title='bbox 1333 2245 1489 2308; x_wconf 82' lang='lat' dir='ltr'><strong>evaserit:</strong></span> 
     </span>
    </p>

    <p class='ocr_par' dir='ltr' id='par_1_5' title="bbox 198 2347 1529 2551">
     <span class='ocr_line' id='line_1_18' title="bbox 198 2347 1486 2436; baseline 0 -24"><span class='ocrx_word' id='word_1_128' title='bbox 198 2361 203 2368; x_wconf 90' lang='lat'>&#39;</span> <span class='ocrx_word' id='word_1_129' title='bbox 251 2349 483 2434; x_wconf 84' lang='lat' dir='ltr'><strong>consanguinei</strong></span> <span class='ocrx_word' id='word_1_130' title='bbox 515 2348 676 2414; x_wconf 86' lang='lat' dir='ltr'><strong>interlecti</strong></span> <span class='ocrx_word' id='word_1_131' title='bbox 709 2371 799 2413; x_wconf 90' lang='lat' dir='ltr'><strong>reum</strong></span> <span class='ocrx_word' id='word_1_132' title='bbox 821 2349 897 2436; x_wconf 88' lang='lat' dir='ltr'><strong>jure</strong></span> <span class='ocrx_word' id='word_1_133' title='bbox 931 2359 1036 2414; x_wconf 88' lang='lat' dir='ltr'><strong>terrae</strong></span> <span class='ocrx_word' id='word_1_134' title='bbox 1068 2347 1264 2434; x_wconf 87' lang='lat' dir='ltr'><strong>perquirant,</strong></span> <span class='ocrx_word' id='word_1_135' title='bbox 1290 2347 1338 2412; x_wconf 86' lang='lat' dir='ltr'><strong>ita</strong></span> <span class='ocrx_word' id='word_1_136' title='bbox 1374 2357 1486 2427; x_wconf 82' lang='grc'><strong>100000,</strong></span> 
     </span>
     <span class='ocr_line' id='line_1_19' title="bbox 251 2449 1529 2551; baseline 0.001 -34"><span class='ocrx_word' id='word_1_137' title='bbox 251 2452 336 2538; x_wconf 92' lang='lat' dir='ltr'><strong>quod</strong></span> <span class='ocrx_word' id='word_1_138' title='bbox 359 2451 503 2518; x_wconf 87' lang='lat' dir='ltr'><strong>homines</strong></span> <span class='ocrx_word' id='word_1_139' title='bbox 526 2451 679 2518; x_wconf 86' lang='lat' dir='ltr'><strong>ecclesiae</strong></span> <span class='ocrx_word' id='word_1_140' title='bbox 703 2461 735 2518; x_wconf 92' lang='lat' dir='ltr'><strong>et</strong></span> <span class='ocrx_word' id='word_1_141' title='bbox 758 2454 963 2540; x_wconf 85' lang='lat' dir='ltr'><strong>episcopatus</strong></span> <span class='ocrx_word' id='word_1_142' title='bbox 985 2461 1216 2518; x_wconf 84' lang='lat' dir='ltr'><strong>conserventur</strong></span> <span class='ocrx_word' id='word_1_143' title='bbox 1238 2449 1445 2540; x_wconf 88' lang='lat' dir='ltr'><strong>indempnes.</strong></span> <span class='ocrx_word' id='word_1_144' title='bbox 1528 2505 1529 2551; x_wconf 73' lang='lat'><strong>,</strong></span> 
     </span>
    </p>

    <p class='ocr_par' dir='ltr' id='par_1_6' title="bbox 251 2555 1528 2838">
     <span class='ocr_line' id='line_1_20' title="bbox 338 2555 1528 2645; baseline -0.002 -25"><span class='ocrx_word' id='word_1_145' title='bbox 338 2555 423 2645; x_wconf 70' lang='lat' dir='ltr'><strong>(lv.)</strong></span> <span class='ocrx_word' id='word_1_146' title='bbox 467 2556 604 2622; x_wconf 89' lang='lat' dir='ltr'><strong>Podivin</strong></span> <span class='ocrx_word' id='word_1_147' title='bbox 628 2558 734 2641; x_wconf 85' lang='lat' dir='ltr'><strong>etiarn,</strong></span> <span class='ocrx_word' id='word_1_148' title='bbox 758 2555 844 2644; x_wconf 93' lang='lat' dir='ltr'><strong>quod</strong></span> <span class='ocrx_word' id='word_1_149' title='bbox 871 2556 1044 2643; x_wconf 88' lang='lat' dir='ltr'><strong>aliquando</strong></span> <span class='ocrx_word' id='word_1_150' title='bbox 1068 2555 1128 2621; x_wconf 84' lang='lat' dir='ltr'><strong>fuit</strong></span> <span class='ocrx_word' id='word_1_151' title='bbox 1151 2555 1296 2644; x_wconf 86' lang='lat' dir='ltr'><strong>ejusdem</strong></span> <span class='ocrx_word' id='word_1_152' title='bbox 1321 2556 1486 2635; x_wconf 83' lang='lat' dir='ltr'><strong>ecclesiae,</strong></span> <span class='ocrx_word' id='word_1_153' title='bbox 1527 2589 1528 2635; x_wconf 56' lang='grc'><strong>0</strong></span> 
     </span>
     <span class='ocr_line' id='line_1_21' title="bbox 254 2659 1527 2748; baseline -0.002 -23"><span class='ocrx_word' id='word_1_154' title='bbox 254 2683 325 2725; x_wconf 88' lang='lat' dir='ltr'><strong>cum</strong></span> <span class='ocrx_word' id='word_1_155' title='bbox 358 2659 508 2726; x_wconf 88' lang='lat' dir='ltr'><strong>omnibus</strong></span> <span class='ocrx_word' id='word_1_156' title='bbox 530 2661 659 2748; x_wconf 89' lang='lat' dir='ltr'><strong>juribus</strong></span> <span class='ocrx_word' id='word_1_157' title='bbox 681 2662 759 2742; x_wconf 90' lang='lat' dir='ltr'><strong>suis,</strong></span> <span class='ocrx_word' id='word_1_158' title='bbox 781 2661 1020 2726; x_wconf 87' lang='lat' dir='ltr'><strong>accessionibus</strong></span> <span class='ocrx_word' id='word_1_159' title='bbox 1044 2670 1075 2726; x_wconf 97' lang='grc'><strong>01</strong></span> <span class='ocrx_word' id='word_1_160' title='bbox 1096 2661 1310 2748; x_wconf 87' lang='lat' dir='ltr'><strong>pertinentiis,</strong></span> <span class='ocrx_word' id='word_1_161' title='bbox 1335 2660 1486 2745; x_wconf 74' lang='lat' dir='ltr'><strong>detegis</strong></span> <span class='ocrx_word' id='word_1_162' title='bbox 1526 2685 1527 2717; x_wconf 73' lang='grc'><strong>1</strong></span> 
     </span>
     <span class='ocr_line' id='line_1_22' title="bbox 251 2757 1526 2838; baseline 0 -8"><span class='ocrx_word' id='word_1_163' title='bbox 251 2762 470 2830; x_wconf 88' lang='lat' dir='ltr'><strong>munificentia</strong></span> <span class='ocrx_word' id='word_1_164' title='bbox 492 2763 598 2830; x_wconf 90' lang='lat' dir='ltr'><strong>eidem</strong></span> <span class='ocrx_word' id='word_1_165' title='bbox 620 2765 776 2830; x_wconf 85' lang='lat' dir='ltr'><strong>ecclesiae</strong></span> <span class='ocrx_word' id='word_1_166' title='bbox 799 2763 1006 2831; x_wconf 89' lang='lat' dir='ltr'><strong>concedimus</strong></span> <span class='ocrx_word' id='word_1_167' title='bbox 1030 2773 1062 2830; x_wconf 90' lang='lat' dir='ltr'><strong>et</strong></span> <span class='ocrx_word' id='word_1_168' title='bbox 1083 2764 1250 2830; x_wconf 90' lang='lat' dir='ltr'><strong>donamus.</strong></span> <span class='ocrx_word' id='word_1_169' title='bbox 1524 2757 1526 2838; x_wconf 64' lang='grc'><strong>1</strong></span> 
     </span>
    </p>

    <p class='ocr_par' dir='ltr' id='par_1_7' title="bbox 249 2841 1525 3371">
     <span class='ocr_line' id='line_1_23' title="bbox 335 2866 1483 2955; baseline 0.002 -22"><span class='ocrx_word' id='word_1_170' title='bbox 335 2866 387 2933; x_wconf 84' lang='lat' dir='ltr'><strong>Ad</strong></span> <span class='ocrx_word' id='word_1_171' title='bbox 409 2867 506 2955; x_wconf 90' lang='lat' dir='ltr'><strong>hujus&#39;</strong></span> <span class='ocrx_word' id='word_1_172' title='bbox 529 2869 627 2954; x_wconf 83' lang='lat' dir='ltr'><strong>igitur</strong></span> <span class='ocrx_word' id='word_1_173' title='bbox 655 2879 784 2935; x_wconf 87' lang='lat' dir='ltr'><strong>nostrae</strong></span> <span class='ocrx_word' id='word_1_174' title='bbox 817 2870 1070 2952; x_wconf 85' lang='lat' dir='ltr'><strong>restaurationis,</strong></span> <span class='ocrx_word' id='word_1_175' title='bbox 1094 2869 1312 2934; x_wconf 87' lang='lat' dir='ltr'><strong>concessionis</strong></span> <span class='ocrx_word' id='word_1_176' title='bbox 1336 2879 1372 2934; x_wconf 90' lang='grc'><strong>01</strong></span> <span class='ocrx_word' id='word_1_177' title='bbox 1395 2869 1483 2935; x_wconf 89' lang='lat' dir='ltr'><strong>dona·</strong></span> 
     </span>
     <span class='ocr_line' id='line_1_24' title="bbox 249 2971 1523 3061; baseline 0.002 -25"><span class='ocrx_word' id='word_1_178' title='bbox 249 2971 344 3038; x_wconf 84' lang='lat' dir='ltr'><strong>tionis</strong></span> <span class='ocrx_word' id='word_1_179' title='bbox 383 2973 527 3038; x_wconf 88' lang='lat' dir='ltr'><strong>notitiam</strong></span> <span class='ocrx_word' id='word_1_180' title='bbox 562 2983 593 3038; x_wconf 91' lang='grc'><strong>01</strong></span> <span class='ocrx_word' id='word_1_181' title='bbox 626 2971 815 3039; x_wconf 89' lang='lat' dir='ltr'><strong>inviolabile</strong></span> <span class='ocrx_word' id='word_1_182' title='bbox 851 2973 1096 3050; x_wconf 84' lang='lat' dir='ltr'><strong>firmamentum,</strong></span> <span class='ocrx_word' id='word_1_183' title='bbox 1131 2995 1238 3038; x_wconf 84' lang='lat' dir='ltr'><strong>coram</strong></span> <span class='ocrx_word' id='word_1_184' title='bbox 1272 2971 1483 3061; x_wconf 81' lang='lat' dir='ltr'><strong>infrascriptis</strong></span> <span class='ocrx_word' id='word_1_185' title='bbox 1522 2995 1523 3048; x_wconf 72' lang='grc'><strong>1</strong></span> 
     </span>
     <span class='ocr_line' id='line_1_25' title="bbox 250 3075 1522 3165; baseline 0.001 -26"><span class='ocrx_word' id='word_1_186' title='bbox 250 3075 386 3142; x_wconf 85' lang='grc' dir='ltr'><strong>100111)οε</strong></span> <span class='ocrx_word' id='word_1_187' title='bbox 419 3099 572 3164; x_wconf 88' lang='lat' dir='ltr'><strong>praesens</strong></span> <span class='ocrx_word' id='word_1_188' title='bbox 604 3077 810 3165; x_wconf 87' lang='lat' dir='ltr'><strong>privilegium</strong></span> <span class='ocrx_word' id='word_1_189' title='bbox 843 3100 900 3164; x_wconf 91' lang='lat' dir='ltr'><strong>per</strong></span> <span class='ocrx_word' id='word_1_190' title='bbox 934 3101 1064 3143; x_wconf 89' lang='lat' dir='ltr'><strong>manum</strong></span> <span class='ocrx_word' id='word_1_191' title='bbox 1090 3076 1271 3143; x_wconf 83' lang='lat' dir='ltr'><strong>Hermenni</strong></span> <span class='ocrx_word' id='word_1_192' title='bbox 1304 3080 1427 3144; x_wconf 88' lang='lat' dir='ltr'><strong>notarii</strong></span> <span class='ocrx_word' id='word_1_193' title='bbox 1456 3089 1482 3142; x_wconf 88' lang='grc'><strong>01</strong></span> <span class='ocrx_word' id='word_1_194' title='bbox 1521 3083 1522 3130; x_wconf 82' lang='grc'><strong>1</strong></span> 
     </span>
     <span class='ocr_line' id='line_1_26' title="bbox 249 3178 1482 3268; baseline 0.001 -23"><span class='ocrx_word' id='word_1_195' title='bbox 249 3178 407 3266; x_wconf 82' lang='lat' dir='ltr'><strong>capellani</strong></span> <span class='ocrx_word' id='word_1_196' title='bbox 428 3181 540 3264; x_wconf 83' lang='lat' dir='ltr'><strong>nostri,</strong></span> <span class='ocrx_word' id='word_1_197' title='bbox 564 3180 698 3247; x_wconf 83' lang='lat' dir='ltr'><strong>fecimus</strong></span> <span class='ocrx_word' id='word_1_198' title='bbox 728 3181 798 3248; x_wconf 86' lang='lat' dir='ltr'><strong>lieri</strong></span> <span class='ocrx_word' id='word_1_199' title='bbox 821 3193 853 3246; x_wconf 91' lang='lat' dir='ltr'><strong>et</strong></span> <span class='ocrx_word' id='word_1_200' title='bbox 873 3184 980 3268; x_wconf 90' lang='lat' dir='ltr'><strong>ipsum</strong></span> <span class='ocrx_word' id='word_1_201' title='bbox 1014 3180 1154 3268; x_wconf 83' lang='lat' dir='ltr'><strong>sigillum</strong></span> <span class='ocrx_word' id='word_1_202' title='bbox 1176 3182 1356 3248; x_wconf 89' lang='lat' dir='ltr'><strong>munimine</strong></span> <span class='ocrx_word' id='word_1_203' title='bbox 1380 3193 1482 3248; x_wconf 79' lang='lat' dir='ltr'><strong>nostru</strong></span> 
     </span>
     <span class='ocr_line' id='line_1_27' title="bbox 251 3283 654 3371; baseline 0.005 -21"><span class='ocrx_word' id='word_1_204' title='bbox 251 3283 474 3350; x_wconf 86' lang='lat' dir='ltr'><strong>mandavimus</strong></span> <span class='ocrx_word' id='word_1_205' title='bbox 496 3285 654 3371; x_wconf 86' lang='lat' dir='ltr'><strong>insigniri.</strong></span> 
     </span>
    </p>

    <p class='ocr_par' dir='ltr' id='par_1_8' title="bbox 248 3387 1480 3891">
     <span class='ocr_line' id='line_1_28' title="bbox 335 3387 1480 3469; baseline 0.002 -15"><span class='ocrx_word' id='word_1_206' title='bbox 335 3387 433 3454; x_wconf 87' lang='lat' dir='ltr'><strong>Anno</strong></span> <span class='ocrx_word' id='word_1_207' title='bbox 455 3389 684 3455; x_wconf 86' lang='lat' dir='ltr'><strong>incarnationis</strong></span> <span class='ocrx_word' id='word_1_208' title='bbox 704 3388 888 3469; x_wconf 82' lang='lat' dir='ltr'><strong>MOOXXI,</strong></span> <span class='ocrx_word' id='word_1_209' title='bbox 912 3389 967 3458; x_wconf 84' lang='lat' dir='ltr'><strong>VI.</strong></span> <span class='ocrx_word' id='word_1_210' title='bbox 992 3389 1100 3456; x_wconf 89' lang='lat' dir='ltr'><strong>Nonas</strong></span> <span class='ocrx_word' id='word_1_211' title='bbox 1123 3389 1214 3468; x_wconf 87' lang='lat' dir='ltr'><strong>Julii,</strong></span> <span class='ocrx_word' id='word_1_212' title='bbox 1236 3389 1356 3456; x_wconf 89' lang='lat' dir='ltr'><strong>Indict.</strong></span> <span class='ocrx_word' id='word_1_213' title='bbox 1372 3390 1434 3458; x_wconf 88' lang='lat' dir='ltr'><strong>IX.</strong></span> <span class='ocrx_word' id='word_1_214' title='bbox 1453 3393 1480 3456; x_wconf 89' lang='lat' dir='ltr'><strong>iu</strong></span> 
     </span>
     <span class='ocr_line' id='line_1_29' title="bbox 249 3492 1478 3580; baseline 0.001 -23"><span class='ocrx_word' id='word_1_215' title='bbox 249 3492 1478 3580; x_wconf 74' lang='grc' dir='ltr'><strong>0000108000,000001110010110000000000000100100100010οΗ00001οΤ00110,</strong></span> 
     </span>
     <span class='ocr_line' id='line_1_30' title="bbox 249 3598 1478 3685; baseline 0.004 -24"><span class='ocrx_word' id='word_1_216' title='bbox 249 3606 404 3684; x_wconf 86' lang='lat' dir='ltr'><strong>regnanto</strong></span> <span class='ocrx_word' id='word_1_217' title='bbox 424 3619 502 3663; x_wconf 91' lang='lat' dir='ltr'><strong>vero</strong></span> <span class='ocrx_word' id='word_1_218' title='bbox 525 3599 558 3662; x_wconf 93' lang='lat' dir='ltr'><strong>in</strong></span> <span class='ocrx_word' id='word_1_219' title='bbox 580 3598 714 3685; x_wconf 90' lang='lat' dir='ltr'><strong>imperio</strong></span> <span class='ocrx_word' id='word_1_220' title='bbox 738 3599 867 3664; x_wconf 91' lang='lat' dir='ltr'><strong>domino</strong></span> <span class='ocrx_word' id='word_1_221' title='bbox 891 3598 1067 3679; x_wconf 80' lang='lat' dir='ltr'><strong>Friderico,</strong></span> <span class='ocrx_word' id='word_1_222' title='bbox 1089 3600 1122 3664; x_wconf 92' lang='grc'><strong>10</strong></span> <span class='ocrx_word' id='word_1_223' title='bbox 1146 3601 1331 3684; x_wconf 89' lang='lat' dir='ltr'><strong>praesentia</strong></span> <span class='ocrx_word' id='word_1_224' title='bbox 1362 3600 1478 3666; x_wconf 86' lang='lat' dir='ltr'><strong>domini</strong></span> 
     </span>
     <span class='ocr_line' id='line_1_31' title="bbox 248 3701 1477 3791; baseline 0 -25"><span class='ocrx_word' id='word_1_225' title='bbox 248 3701 398 3786; x_wconf 84' lang='lat' dir='ltr'><strong>Gregorii</strong></span> <span class='ocrx_word' id='word_1_226' title='bbox 420 3701 460 3767; x_wconf 89' lang='lat' dir='ltr'><strong>de</strong></span> <span class='ocrx_word' id='word_1_227' title='bbox 474 3701 678 3786; x_wconf 70' lang='lat' dir='ltr'><strong>crescencio,</strong></span> <span class='ocrx_word' id='word_1_228' title='bbox 692 3702 724 3769; x_wconf 86' lang='lat' dir='ltr'><strong>S.</strong></span> <span class='ocrx_word' id='word_1_229' title='bbox 745 3701 908 3769; x_wconf 85' lang='lat' dir='ltr'><strong>Theodori</strong></span> <span class='ocrx_word' id='word_1_230' title='bbox 930 3701 1057 3770; x_wconf 90' lang='lat' dir='ltr'><strong>diaconi</strong></span> <span class='ocrx_word' id='word_1_231' title='bbox 1078 3702 1261 3786; x_wconf 86' lang='lat' dir='ltr'><strong>cardinalis,</strong></span> <span class='ocrx_word' id='word_1_232' title='bbox 1285 3705 1477 3791; x_wconf 82' lang='lat' dir='ltr'><strong>apostolicae</strong></span> 
     </span>
     <span class='ocr_line' id='line_1_32' title="bbox 250 3803 466 3891; baseline 0.005 -23"><span class='ocrx_word' id='word_1_233' title='bbox 250 3803 336 3870; x_wconf 89' lang='lat' dir='ltr'><strong>sedis</strong></span> <span class='ocrx_word' id='word_1_234' title='bbox 358 3803 466 3891; x_wconf 84' lang='lat' dir='ltr'><strong>legati.</strong></span> 
     </span>
    </p>

    <p class='ocr_par' dir='ltr' id='par_1_9' title="bbox 332 3908 740 3975">
     <span class='ocr_line' id='line_1_33' title="bbox 332 3908 740 3975; baseline -0.002 -1"><span class='ocrx_word' id='word_1_235' title='bbox 332 3908 444 3975; x_wconf 80' lang='lat' dir='ltr'><strong>&#39;l&#39;estes</strong></span> <span class='ocrx_word' id='word_1_236' title='bbox 467 3920 573 3974; x_wconf 87' lang='lat' dir='ltr'><strong>autem</strong></span> <span class='ocrx_word' id='word_1_237' title='bbox 596 3920 670 3975; x_wconf 89' lang='grc'><strong>0001</strong></span> <span class='ocrx_word' id='word_1_238' title='bbox 692 3909 740 3974; x_wconf 84' lang='lat' dir='ltr'><strong>hi:</strong></span> 
     </span>
    </p>

    <p class='ocr_par' dir='ltr' id='par_1_10' title="bbox 243 4011 1473 4727">
     <span class='ocr_line' id='line_1_34' title="bbox 331 4011 1473 4102; baseline 0.004 -25"><span class='ocrx_word' id='word_1_239' title='bbox 331 4011 490 4078; x_wconf 89' lang='lat' dir='ltr'><strong>Dominus</strong></span> <span class='ocrx_word' id='word_1_240' title='bbox 512 4011 671 4080; x_wconf 85' lang='lat' dir='ltr'><strong>Robertus</strong></span> <span class='ocrx_word' id='word_1_241' title='bbox 705 4015 873 4102; x_wconf 87' lang='lat' dir='ltr'><strong>episcopus</strong></span> <span class='ocrx_word' id='word_1_242' title='bbox 895 4014 1131 4099; x_wconf 87' lang='lat' dir='ltr'><strong>Olomucensis,</strong></span> <span class='ocrx_word' id='word_1_243' title='bbox 1154 4015 1314 4082; x_wconf 90' lang='lat' dir='ltr'><strong>Dominus</strong></span> <span class='ocrx_word' id='word_1_244' title='bbox 1336 4016 1473 4084; x_wconf 79' lang='lat' dir='ltr'><strong>Joaunes</strong></span> 
     </span>
     <span class='ocr_line' id='line_1_35' title="bbox 249 4115 1473 4210; baseline 0.007 -28"><span class='ocrx_word' id='word_1_245' title='bbox 249 4115 419 4182; x_wconf 85' lang='lat' dir='ltr'><strong>Nitriensis</strong></span> <span class='ocrx_word' id='word_1_246' title='bbox 443 4117 623 4204; x_wconf 88' lang='lat' dir='ltr'><strong>episeopus,</strong></span> <span class='ocrx_word' id='word_1_247' title='bbox 636 4117 795 4183; x_wconf 88' lang='lat' dir='ltr'><strong>Dominus</strong></span> <span class='ocrx_word' id='word_1_248' title='bbox 808 4116 1000 4184; x_wconf 90' lang='lat' dir='ltr'><strong>Laurentius</strong></span> <span class='ocrx_word' id='word_1_249' title='bbox 1015 4119 1279 4186; x_wconf 81' lang='lat' dir='ltr'><strong>Wratizlauensis</strong></span> <span class='ocrx_word' id='word_1_250' title='bbox 1298 4123 1473 4210; x_wconf 78' lang='lat' dir='ltr'><strong>episcopus,</strong></span> 
     </span>
     <span class='ocr_line' id='line_1_36' title="bbox 247 4219 1471 4308; baseline 0.001 -21"><span class='ocrx_word' id='word_1_251' title='bbox 247 4220 343 4288; x_wconf 92' lang='lat' dir='ltr'><strong>Dom.</strong></span> <span class='ocrx_word' id='word_1_252' title='bbox 355 4219 520 4308; x_wconf 90' lang='lat' dir='ltr'><strong>Lupoldus</strong></span> <span class='ocrx_word' id='word_1_253' title='bbox 532 4220 683 4286; x_wconf 83' lang='lat' dir='ltr'><strong>Austriae</strong></span> <span class='ocrx_word' id='word_1_254' title='bbox 705 4231 738 4286; x_wconf 93' lang='lat' dir='ltr'><strong>et</strong></span> <span class='ocrx_word' id='word_1_255' title='bbox 753 4221 869 4288; x_wconf 85' lang='lat' dir='ltr'><strong>Stiriae</strong></span> <span class='ocrx_word' id='word_1_256' title='bbox 891 4222 968 4300; x_wconf 88' lang='lat' dir='ltr'><strong>dux,</strong></span> <span class='ocrx_word' id='word_1_257' title='bbox 990 4246 1097 4290; x_wconf 89' lang='lat' dir='ltr'><strong>comes</strong></span> <span class='ocrx_word' id='word_1_258' title='bbox 1109 4224 1278 4292; x_wconf 70' lang='lat' dir='ltr'><strong>(loni-adue</strong></span> <span class='ocrx_word' id='word_1_259' title='bbox 1301 4227 1341 4291; x_wconf 89' lang='lat' dir='ltr'><strong>de</strong></span> <span class='ocrx_word' id='word_1_260' title='bbox 1353 4225 1471 4302; x_wconf 80' lang='lat' dir='ltr'><strong>Ardelr,</strong></span> 
     </span>
     <span class='ocr_line' id='line_1_37' title="bbox 245 4324 1469 4414; baseline 0 -24"><span class='ocrx_word' id='word_1_261' title='bbox 245 4325 393 4390; x_wconf 88' lang='lat' dir='ltr'><strong>dominus</strong></span> <span class='ocrx_word' id='word_1_262' title='bbox 426 4324 539 4412; x_wconf 89' lang='lat' dir='ltr'><strong>Poppo</strong></span> <span class='ocrx_word' id='word_1_263' title='bbox 574 4327 775 4414; x_wconf 88' lang='lat' dir='ltr'><strong>praepositus</strong></span> <span class='ocrx_word' id='word_1_264' title='bbox 809 4325 1068 4413; x_wconf 85' lang='lat' dir='ltr'><strong>Bambergensis,</strong></span> <span class='ocrx_word' id='word_1_265' title='bbox 1101 4327 1268 4395; x_wconf 89' lang='lat' dir='ltr'><strong>Dluhomil</strong></span> <span class='ocrx_word' id='word_1_266' title='bbox 1302 4329 1410 4396; x_wconf 83' lang='lat' dir='ltr'><strong>abbas</strong></span> <span class='ocrx_word' id='word_1_267' title='bbox 1440 4329 1469 4392; x_wconf 84' lang='lat' dir='ltr'><strong>de</strong></span> 
     </span>
     <span class='ocr_line' id='line_1_38' title="bbox 244 4427 1468 4512; baseline 0.002 -19"><span class='ocrx_word' id='word_1_268' title='bbox 244 4429 405 4512; x_wconf 89' lang='lat' dir='ltr'><strong>Breunov,</strong></span> <span class='ocrx_word' id='word_1_269' title='bbox 439 4427 644 4496; x_wconf 88' lang='lat' dir='ltr'><strong>Hermannus</strong></span> <span class='ocrx_word' id='word_1_270' title='bbox 682 4429 783 4496; x_wconf 88' lang='lat' dir='ltr'><strong>abbas</strong></span> <span class='ocrx_word' id='word_1_271' title='bbox 818 4431 858 4496; x_wconf 88' lang='lat' dir='ltr'><strong>de</strong></span> <span class='ocrx_word' id='word_1_272' title='bbox 893 4431 1079 4512; x_wconf 86' lang='lat' dir='ltr'><strong>Wilalmov,</strong></span> <span class='ocrx_word' id='word_1_273' title='bbox 1114 4431 1265 4498; x_wconf 87' lang='lat' dir='ltr'><strong>Rinsrius</strong></span> <span class='ocrx_word' id='word_1_274' title='bbox 1299 4433 1409 4501; x_wconf 83' lang='lat' dir='ltr'><strong>abbas</strong></span> <span class='ocrx_word' id='word_1_275' title='bbox 1438 4433 1468 4496; x_wconf 87' lang='lat' dir='ltr'><strong>de</strong></span> 
     </span>
     <span class='ocr_line' id='line_1_39' title="bbox 243 4529 1467 4626; baseline 0.003 -32"><span class='ocrx_word' id='word_1_276' title='bbox 243 4529 363 4615; x_wconf 82' lang='lat' dir='ltr'><strong>Insula,</strong></span> <span class='ocrx_word' id='word_1_277' title='bbox 387 4530 551 4597; x_wconf 88' lang='lat' dir='ltr'><strong>Johannes</strong></span> <span class='ocrx_word' id='word_1_278' title='bbox 581 4533 682 4598; x_wconf 86' lang='lat' dir='ltr'><strong>abbas</strong></span> <span class='ocrx_word' id='word_1_279' title='bbox 705 4533 745 4599; x_wconf 88' lang='lat' dir='ltr'><strong>de</strong></span> <span class='ocrx_word' id='word_1_280' title='bbox 768 4533 909 4612; x_wconf 83' lang='lat' dir='ltr'><strong>Gradist,</strong></span> <span class='ocrx_word' id='word_1_281' title='bbox 931 4535 1104 4602; x_wconf 88' lang='lat' dir='ltr'><strong>Bertoldus</strong></span> <span class='ocrx_word' id='word_1_282' title='bbox 1138 4534 1241 4602; x_wconf 86' lang='lat' dir='ltr'><strong>abbas</strong></span> <span class='ocrx_word' id='word_1_283' title='bbox 1264 4537 1304 4602; x_wconf 92' lang='lat' dir='ltr'><strong>de</strong></span> <span class='ocrx_word' id='word_1_284' title='bbox 1327 4537 1467 4626; x_wconf 78' lang='lat' dir='ltr'><strong>Stragor,</strong></span> 
     </span>
     <span class='ocr_line' id='line_1_40' title="bbox 244 4632 1466 4727; baseline 0.006 -30"><span class='ocrx_word' id='word_1_285' title='bbox 244 4632 400 4700; x_wconf 82' lang='lat' dir='ltr'><strong>Gerlacus</strong></span> <span class='ocrx_word' id='word_1_286' title='bbox 422 4635 522 4700; x_wconf 85' lang='lat' dir='ltr'><strong>abbas</strong></span> <span class='ocrx_word' id='word_1_287' title='bbox 546 4637 585 4701; x_wconf 89' lang='lat' dir='ltr'><strong>de</strong></span> <span class='ocrx_word' id='word_1_288' title='bbox 602 4636 753 4722; x_wconf 85' lang='lat' dir='ltr'><strong>Milensk,</strong></span> <span class='ocrx_word' id='word_1_289' title='bbox 767 4637 954 4704; x_wconf 77' lang='lat' dir='ltr'><strong>Guilelmus</strong></span> <span class='ocrx_word' id='word_1_290' title='bbox 977 4640 1078 4706; x_wconf 83' lang='lat' dir='ltr'><strong>abbas</strong></span> <span class='ocrx_word' id='word_1_291' title='bbox 1101 4640 1142 4706; x_wconf 92' lang='lat' dir='ltr'><strong>de</strong></span> <span class='ocrx_word' id='word_1_292' title='bbox 1159 4641 1258 4727; x_wconf 87' lang='lat' dir='ltr'><strong>Siloa,</strong></span> <span class='ocrx_word' id='word_1_293' title='bbox 1271 4641 1466 4710; x_wconf 84' lang='lat' dir='ltr'><strong>Hermanuns</strong></span> 
     </span>
    </p>
   </div>
   <div class='ocr_carea' id='block_1_3' title="bbox 0 0 1540 5118">
    <p class='ocr_par' dir='ltr' id='par_1_11' title="bbox 0 0 1540 5118">
     <span class='ocr_line' id='line_1_41' title="bbox 0 0 1540 5118; baseline 0 4"><span class='ocrx_word' id='word_1_294' title='bbox 0 0 1540 5118; x_wconf 95' lang='lat' dir='ltr'><strong> </strong></span> 
     </span>
    </p>
   </div>
  </div>
 </body>
</html>
