3082 5128
448 433 575 486 xxxin.
596 435 700 486 suisa
716 433 884 486 uenissent
901 433 922 484 1.
1226 411 1300 483 563

50 622 184 708 probat
208 643 280 687 eum
303 645 374 688 csse
397 620 503 704 talem,
525 631 621 710 prout
641 622 748 708 ipsum
769 623 916 703 asseruit,
939 642 996 708 pro
1020 617 1180 706 vituperio
1202 612 1301 691 illius,

51 749 162 813 quem
187 727 235 791 sic
252 725 455 814 vituperavit,
477 727 601 792 ratione
621 747 746 813 poenae
769 723 873 792 solvat
885 724 948 790 LX
962 745 1087 790 marcas
1105 740 1301 807 grossorum,

53 829 170 896 veluti
195 833 221 896 si
245 832 348 916 ipsum
368 830 546 896 occidisset.
579 829 670 896 Idem
694 829 841 912 dicimus,
854 830 882 893 si
915 836 1049 894 matrem
1077 827 1178 913 ipsius
1201 845 1300 889 merc·

54 937 183 1002 tricem
206 937 427 1018 nominaverit,
452 944 483 1000 et
505 957 569 1000 non
591 937 755 1000 revocavit
777 954 838 1000 nec
859 933 1017 1020 probavit,
1048 929 1135 1019 quod
1156 929 1301 1014 asseruit,

50 1043 90 1106 in
117 1040 261 1106 similem
274 1063 411 1128 poenam
424 1041 530 1126 ipsum
543 1039 744 1105 decrevimus
763 1037 925 1104 incidisse.
950 1037 1058 1102 Debet
1079 1035 1187 1100 dicere
1210 1055 1301 1098 revo-

53 1145 191 1210 cando:
231 1144 282 1230 ,id
305 1145 391 1231 quod
414 1167 483 1210 sum
509 1143 642 1226 locutus,
666 1145 816 1210 mentitus
846 1165 916 1208 sum
945 1149 981 1206 ut
1003 1140 1122 1206 canis.“

438 1311 486 1375 Dc
504 1309 760 1397 percussionibus
781 1307 928 1374 militum.

152 1440 206 1506 87.
241 1440 279 1505 In
300 1441 559 1527 percussionibus
582 1438 717 1506 militurn
741 1449 773 1506 et
795 1438 930 1506 aliorum
954 1447 1135 1504 nostrorum
1159 1437 1300 1504 subdito·

53 1569 145 1628 rum,
178 1546 275 1611 istum
306 1545 435 1610 modum
457 1546 491 1610 in
520 1547 632 1632 poenis
666 1543 835 1631 exigendis
865 1542 1011 1610 volumus
1041 1542 1219 1608 observari:
1268 1541 1302 1608 Si

55 1649 158 1714 miles
190 1648 293 1732 militi,
323 1659 379 1714 aut
400 1647 516 1715 nobilis
547 1647 647 1715 nobili
676 1648 806 1736 plagam
828 1647 964 1732 dederit,
995 1647 1116 1736 absque
1147 1647 1302 1712 effusione

57 1753 245 1838 sanguinis,
268 1751 378 1836 nobili,
396 1755 447 1818 cui
469 1751 558 1818 illata
581 1764 629 1818 est
650 1753 722 1818 talis
745 1754 918 1840 percussio,
942 1774 1054 1840 poena,
1082 1773 1164 1840 quae
1187 1750 1302 1816 dicitur

53 1857 348 1944 psi-noznadcesczc,
363 1879 420 1943 per
430 1857 620 1922 inferentem
633 1856 765 1923 debebit
779 1858 951 1944 assignari,
970 1855 1004 1922 Si
1027 1865 1133 1922 autem
1155 1854 1202 1920 illi
1224 1853 1301 1918 infc-

59 1971 165 2044 ratur,
200 1962 254 2047 qui
276 1982 341 2025 non
363 1959 461 2026 babet
479 1963 534 2047 jus
556 1961 699 2046 militale,
730 1971 807 2026 tunc
830 1983 938 2026 marca
960 1981 1143 2048 grossorum
1166 1980 1223 2046 pro
1246 1955 1302 2023 tali

59 2064 210 2148 vulnere,
234 2062 400 2129 lrmethoni
423 2087 500 2131 vero
523 2087 627 2151 poena
647 2087 703 2130 sero
723 2089 914 2130 marcorum.

153 2167 204 2234 88.
227 2167 273 2233 Ut
293 2190 468 2255 poenarum
491 2170 652 2236 distinctio
664 2179 696 2235 et
711 2169 854 2252 legitima
876 2170 992 2236 divisio
1011 2168 1183 2235 habeatur:
1207 2166 1302 2250 Quod

59 2273 87 2337 si
109 2271 246 2337 kmetho
265 2271 452 2338 vulneratur
474 2295 547 2339 cum
570 2274 736 2360 sanguinis
748 2273 913 2356 effusione,
935 2283 992 2339 aut
1012 2273 1191 2360 percutitur
1212 2293 1303 2337 enor-

59 2377 172 2461 miter,
206 2373 246 2441 de
268 2375 417 2442 omnibus
438 2379 551 2464 poenis
580 2401 638 2464 pre
661 2375 850 2443 vulneribus
872 2389 928 2443 aut
948 2375 1209 2464 percussionibus
1233 2398 1303 2441 esn-

59 2480 219 2561 tendatis,
243 2479 322 2546 duas
344 2491 451 2567 partes
474 2480 571 2558 laeso,
593 2484 720 2548 tertiam
742 2490 849 2548 autem
866 2480 1002 2568 judicio,
1035 2481 1091 2546 ubi
1113 2502 1213 2548 causa
1234 2481 1300 2568 agi·

59 2595 165 2667 tatur,
189 2585 348 2670 assignari
370 2583 611 2650 demandamus.

552 2724 602 2789 Dc
617 2724 821 2812 fratricidio,

154 2851 205 2918 89.
238 2851 281 2916 Et
304 2851 380 2917 licet
402 2853 456 2918 lex
495 2861 559 2920 tarn
590 2857 666 2920 novi
707 2878 802 2943 quam
824 2856 941 2920 veteris
964 2856 1147 2921 testamenti
1169 2855 1301 2921 fratrici-

62 2957 156 3021 dium
187 2957 304 3021 etalio
327 2979 424 3022 saeva
454 2959 588 3024 crimina
617 2960 758 3044 graviter
788 2961 900 3048 puniat
932 2962 1001 3026 sive
1025 2960 1162 3042 dansnet,
1197 2967 1303 3024 tamen

63 3058 208 3147 quidam,
241 3057 330 3125 velut
354 3061 460 3126 hostes
482 3063 604 3150 proprii
635 3063 799 3148 sanguinis
831 3072 863 3128 et
886 3063 1024 3146 honoris,
1057 3064 1137 3150 legis
1167 3085 1302 3152 poenam

63 3165 173 3228 minus
195 3163 413 3246 formidantes,
438 3165 646 3231 fratricidium
663 3168 874 3250 committunt,
898 3190 1037 3234 sororem
1054 3166 1106 3234 vel
1120 3169 1301 3255 proximum

63 3267 227 3346 occidunt,
255 3275 290 3331 ut
312 3291 354 3332 ex
377 3267 446 3355 ejus
469 3278 569 3334 morte
592 3268 678 3336 bona
699 3269 893 3339 hereditaria
923 3271 1095 3338 lucrentur.
1142 3271 1300 3338 Volumus

62 3374 187 3459 itaque,
211 3380 246 3437 ut
269 3373 353 3437 unde
376 3375 465 3437 lucra
488 3371 606 3438 hebere
633 3377 860 3463 concupierint,
885 3375 960 3441 inde
983 3375 1109 3441 damnis
1131 3376 1304 3464 affigantur

65 3487 100 3540 et
114 3477 299 3564 puniantur,
315 3477 346 3540 in
360 3499 422 3564 quo
445 3487 656 3565 pataverunt:
679 3479 799 3545 Omnes
822 3477 1005 3566 regnicolas
1018 3490 1050 3545 et
1061 3479 1185 3546 nobiles
1208 3480 1301 3565 regni

64 3581 179 3662 nostri,
211 3579 336 3658 fratres,
372 3602 495 3646 sorores
529 3591 584 3646 aut
614 3586 762 3672 proprios
785 3585 1039 3669 consanguineos
1070 3586 1299 3670 interimentes,

64 3705 132 3748 non
149 3683 302 3750 habentes
318 3684 424 3772 proles
447 3685 499 3751 vel
513 3685 676 3772 habentes,
700 3689 734 3753 in
758 3687 950 3754 hereditaria
963 3689 1164 3757 successione
1179 3686 1300 3755 nullum

60 3811 231 3855 accessum
260 3789 458 3856 obtinebunt.
502 3790 589 3871 Quin
611 3793 674 3858 imo
697 3794 942 3862 sententiamus:
971 3791 1063 3881 Ipsos
1087 3802 1119 3858 et
1151 3794 1295 3881 ipsorum

62 3893 150 3959 filios
165 3893 331 3980 privamus
347 3895 434 3960 omni
448 3893 593 3982 legitima
606 3895 717 3962 talium
731 3897 940 3964 hereditatum
952 3899 1097 3988 portione
1109 3921 1117 3982 3
1140 3897 1301 3984 inquibus

63 3997 161 4063 bonis
176 3999 245 4062 sive
262 3997 493 4064 hereditatibus
515 4000 568 4064 alii
594 4003 833 4088 consanguinei,
856 4000 932 4068 licet
950 4003 1137 4068 remotiores
1157 4004 1187 4066 in
1206 4001 1300 4084 linea,

63 4102 212 4167 obtinent
242 4103 486 4168 successionem.
533 4103 631 4188 Quos,
664 4105 697 4170 in
721 4106 981 4192 aggravationem
1013 4104 1126 4192 culpae
1148 4107 1299 4194 ipsorum,

64 4215 198 4293 propter
227 4204 489 4272 inhumanitatem
520 4209 673 4290 criminis,
707 4230 816 4274 omnes
850 4209 1029 4276 fratricidas
1065 4219 1097 4276 et
1125 4211 1300 4297 patricidas

64 4310 202 4376 infames
213 4312 456 4398 pronuntiamus
480 4321 512 4376 et
527 4311 684 4378 inhabiles
708 4313 749 4378 ad
761 4313 884 4402 aliquos
900 4314 1036 4381 honores
1051 4315 1299 4403 promovendos.

151 4413 203 4480 90.
237 4413 413 4480 Statuimus
437 4419 532 4482 ctiam
555 4427 586 4484 et
609 4417 828 4485 decernimus:
853 4419 948 4502 Quod
972 4421 1000 4486 si
1021 4419 1147 4508 aliquae
1175 4419 1298 4508 planta·

64 4523 169 4586 tiones
187 4521 257 4607 jam
279 4521 419 4588 insertae
442 4531 474 4588 et
496 4522 656 4590 radicatae
680 4523 858 4592 evellantur
873 4535 904 4594 et
921 4527 1149 4614 exstirpentur,
1173 4523 1322 4612 etiamsi,

1029 4630 1095 4709 71*
