<?xml version="1.0" encoding="UTF-8"?>
<!DOCTYPE html PUBLIC "-//W3C//DTD XHTML 1.0 Transitional//EN"
    "http://www.w3.org/TR/xhtml1/DTD/xhtml1-transitional.dtd">
<html xmlns="http://www.w3.org/1999/xhtml" xml:lang="en" lang="en">
 <head>
  <title>
</title>
<meta http-equiv="Content-Type" content="text/html;charset=utf-8" />
  <meta name='ocr-system' content='tesseract 3.04.00' />
  <meta name='ocr-capabilities' content='ocr_page ocr_carea ocr_par ocr_line ocrx_word'/>
</head>
<body>
  <div class='ocr_page' id='page_1' title='image "./svodzkonuvslova00jiregoog/svodzkonuvslova00jiregoog_0580.png"; bbox 0 0 3082 5128; ppageno 0'>
   <div class='ocr_carea' id='block_1_1' title="bbox 423 453 1285 531">
    <p class='ocr_par' dir='ltr' id='par_1_1' title="bbox 423 453 1285 531">
     <span class='ocr_line' id='line_1_1' title="bbox 423 453 1285 531; baseline 0.012 -10"><span class='ocrx_word' id='word_1_1' title='bbox 423 469 549 522; x_wconf 79' lang='lat' dir='ltr'><strong>XXXIII.</strong></span> <span class='ocrx_word' id='word_1_2' title='bbox 569 469 675 526; x_wconf 78' lang='lat' dir='ltr'>Statnta</span> <span class='ocrx_word' id='word_1_3' title='bbox 693 471 861 526; x_wconf 83' lang='lat' dir='ltr'>Wislicsusia</span> <span class='ocrx_word' id='word_1_4' title='bbox 879 475 900 524; x_wconf 89' lang='grc' dir='ltr'>Ι.</span> <span class='ocrx_word' id='word_1_5' title='bbox 1211 453 1285 531; x_wconf 80' lang='grc'>533</span> 
     </span>
    </p>
   </div>
   <div class='ocr_carea' id='block_1_2' title="bbox 34 661 1285 854">
    <p class='ocr_par' dir='ltr' id='par_1_2' title="bbox 34 661 1285 854">
     <span class='ocr_line' id='line_1_2' title="bbox 34 661 1285 751; baseline 0.002 -27"><span class='ocrx_word' id='word_1_6' title='bbox 34 663 66 724; x_wconf 92' lang='lat' dir='ltr'>in</span> <span class='ocrx_word' id='word_1_7' title='bbox 97 663 243 728; x_wconf 87' lang='lat' dir='ltr'>termino</span> <span class='ocrx_word' id='word_1_8' title='bbox 276 663 492 749; x_wconf 87' lang='lat' dir='ltr'>peremptorio</span> <span class='ocrx_word' id='word_1_9' title='bbox 523 685 587 730; x_wconf 89' lang='lat' dir='ltr'>non</span> <span class='ocrx_word' id='word_1_10' title='bbox 610 663 747 751; x_wconf 86' lang='lat' dir='ltr'>parebit,</span> <span class='ocrx_word' id='word_1_11' title='bbox 782 673 873 729; x_wconf 89' lang='lat' dir='ltr'>actor</span> <span class='ocrx_word' id='word_1_12' title='bbox 894 661 1069 728; x_wconf 89' lang='lat' dir='ltr'>lucrabitur</span> <span class='ocrx_word' id='word_1_13' title='bbox 1090 664 1285 728; x_wconf 87' lang='lat' dir='ltr'>nominatam</span> 
     </span>
     <span class='ocr_line' id='line_1_3' title="bbox 36 765 909 854; baseline 0.009 -26"><span class='ocrx_word' id='word_1_14' title='bbox 36 765 264 850; x_wconf 71' lang='lat' dir='ltr'><strong>hereditatem,</strong></span> <span class='ocrx_word' id='word_1_15' title='bbox 288 769 426 854; x_wconf 83' lang='lat' dir='ltr'>pecunia</span> <span class='ocrx_word' id='word_1_16' title='bbox 448 767 654 836; x_wconf 77' lang='lat' dir='ltr'>nihilomiuus</span> <span class='ocrx_word' id='word_1_17' title='bbox 677 792 732 834; x_wconf 86' lang='lat' dir='ltr'>reo</span> <span class='ocrx_word' id='word_1_18' title='bbox 746 769 909 850; x_wconf 51' lang='lat' dir='ltr'>¹restituto.</span> 
     </span>
    </p>
   </div>
   <div class='ocr_carea' id='block_1_3' title="bbox 36 952 1285 1126">
    <p class='ocr_par' dir='ltr' id='par_1_3' title="bbox 36 952 1285 1126">
     <span class='ocr_line' id='line_1_4' title="bbox 36 952 1285 1042; baseline 0 -26"><span class='ocrx_word' id='word_1_19' title='bbox 36 953 85 1016; x_wconf 82' lang='lat' dir='ltr'>Dc</span> <span class='ocrx_word' id='word_1_20' title='bbox 109 952 271 1018; x_wconf 64' lang='lat' dir='ltr'>limitum</span> <span class='ocrx_word' id='word_1_21' title='bbox 293 965 322 1018; x_wconf 82' lang='lat' dir='ltr'>et</span> <span class='ocrx_word' id='word_1_22' title='bbox 349 955 505 1040; x_wconf 70' lang='lat' dir='ltr'>procidis</span> <span class='ocrx_word' id='word_1_23' title='bbox 527 957 669 1042; x_wconf 81' lang='lat' dir='ltr'>sequitur</span> <span class='ocrx_word' id='word_1_24' title='bbox 698 966 763 1019; x_wconf 84' lang='lat' dir='ltr'>tum</span> <span class='ocrx_word' id='word_1_25' title='bbox 786 954 964 1042; x_wconf 77' lang='lat' dir='ltr'>fluuiorum</span> <span class='ocrx_word' id='word_1_26' title='bbox 993 977 1087 1041; x_wconf 77' lang='lat' dir='ltr'>prtum</span> <span class='ocrx_word' id='word_1_27' title='bbox 1114 964 1285 1018; x_wconf 81' lang='lat' dir='ltr'>ceterarum</span> 
     </span>
     <span class='ocr_line' id='line_1_5' title="bbox 554 1061 772 1126; baseline 0.009 -2"><span class='ocrx_word' id='word_1_28' title='bbox 554 1061 772 1126; x_wconf 80' lang='lat' dir='ltr'>hereditatum.</span> 
     </span>
    </p>
   </div>
   <div class='ocr_carea' id='block_1_4' title="bbox 38 1215 1285 1934">
    <p class='ocr_par' dir='ltr' id='par_1_4' title="bbox 38 1215 1285 1934">
     <span class='ocr_line' id='line_1_6' title="bbox 126 1215 1285 1305; baseline 0 -24"><span class='ocrx_word' id='word_1_29' title='bbox 126 1217 160 1282; x_wconf 76' lang='lat'>2.</span> <span class='ocrx_word' id='word_1_30' title='bbox 196 1215 321 1282; x_wconf 81' lang='lat' dir='ltr'>Crebra</span> <span class='ocrx_word' id='word_1_31' title='bbox 347 1217 543 1284; x_wconf 87' lang='lat' dir='ltr'>alteracioue</span> <span class='ocrx_word' id='word_1_32' title='bbox 571 1219 654 1284; x_wconf 84' lang='lat' dir='ltr'>inter</span> <span class='ocrx_word' id='word_1_33' title='bbox 683 1227 810 1284; x_wconf 86' lang='lat' dir='ltr'>nostros</span> <span class='ocrx_word' id='word_1_34' title='bbox 845 1217 990 1284; x_wconf 89' lang='lat' dir='ltr'>subditos</span> <span class='ocrx_word' id='word_1_35' title='bbox 1024 1239 1121 1305; x_wconf 87' lang='lat' dir='ltr'>super</span> <span class='ocrx_word' id='word_1_36' title='bbox 1143 1219 1285 1305; x_wconf 86' lang='lat' dir='ltr'>ipsorum</span> 
     </span>
     <span class='ocr_line' id='line_1_7' title="bbox 38 1320 1285 1409; baseline 0.002 -25"><span class='ocrx_word' id='word_1_37' title='bbox 38 1320 200 1386; x_wconf 89' lang='lat' dir='ltr'>limitibus</span> <span class='ocrx_word' id='word_1_38' title='bbox 223 1321 469 1408; x_wconf 77' lang='lat' dir='ltr'>distinguendis,</span> <span class='ocrx_word' id='word_1_39' title='bbox 492 1345 610 1408; x_wconf 83' lang='lat' dir='ltr'>graves</span> <span class='ocrx_word' id='word_1_40' title='bbox 637 1325 832 1389; x_wconf 78' lang='lat' dir='ltr'>suscitantur</span> <span class='ocrx_word' id='word_1_41' title='bbox 853 1325 1068 1409; x_wconf 74' lang='lat' dir='ltr'>quaestiones,</span> <span class='ocrx_word' id='word_1_42' title='bbox 1103 1321 1285 1408; x_wconf 85' lang='lat' dir='ltr'>exquibus</span> 
     </span>
     <span class='ocr_line' id='line_1_8' title="bbox 39 1424 1284 1515; baseline 0.002 -27"><span class='ocrx_word' id='word_1_43' title='bbox 39 1448 208 1512; x_wconf 85' lang='lat' dir='ltr'>expensae</span> <span class='ocrx_word' id='word_1_44' title='bbox 228 1437 388 1512; x_wconf 81' lang='lat' dir='ltr'>augentur</span> <span class='ocrx_word' id='word_1_45' title='bbox 411 1436 443 1493; x_wconf 89' lang='lat' dir='ltr'>et</span> <span class='ocrx_word' id='word_1_46' title='bbox 475 1427 577 1494; x_wconf 88' lang='lat' dir='ltr'>labori</span> <span class='ocrx_word' id='word_1_47' title='bbox 600 1429 698 1494; x_wconf 91' lang='lat' dir='ltr'>nimio</span> <span class='ocrx_word' id='word_1_48' title='bbox 721 1427 880 1494; x_wconf 89' lang='lat' dir='ltr'>interdum</span> <span class='ocrx_word' id='word_1_49' title='bbox 915 1435 1139 1515; x_wconf 91' lang='lat' dir='ltr'>supponuntur</span> <span class='ocrx_word' id='word_1_50' title='bbox 1162 1424 1284 1491; x_wconf 84' lang='lat' dir='ltr'>discor·</span> 
     </span>
     <span class='ocr_line' id='line_1_9' title="bbox 41 1528 1284 1620; baseline 0.002 -28"><span class='ocrx_word' id='word_1_51' title='bbox 41 1528 168 1597; x_wconf 88' lang='lat' dir='ltr'>dantes.</span> <span class='ocrx_word' id='word_1_52' title='bbox 214 1531 261 1596; x_wconf 81' lang='lat' dir='ltr'>Et</span> <span class='ocrx_word' id='word_1_53' title='bbox 281 1534 358 1619; x_wconf 91' lang='lat' dir='ltr'>quia</span> <span class='ocrx_word' id='word_1_54' title='bbox 387 1532 558 1598; x_wconf 88' lang='lat' dir='ltr'>fluviorum</span> <span class='ocrx_word' id='word_1_55' title='bbox 580 1530 676 1614; x_wconf 85' lang='lat' dir='ltr'>alvei,</span> <span class='ocrx_word' id='word_1_56' title='bbox 711 1540 746 1598; x_wconf 94' lang='lat' dir='ltr'>ut</span> <span class='ocrx_word' id='word_1_57' title='bbox 767 1531 950 1620; x_wconf 88' lang='lat' dir='ltr'>plurimum,</span> <span class='ocrx_word' id='word_1_58' title='bbox 975 1533 1059 1596; x_wconf 87' lang='lat' dir='ltr'>iuter</span> <span class='ocrx_word' id='word_1_59' title='bbox 1088 1531 1284 1596; x_wconf 74' lang='lat' dir='ltr'>hereditates</span> 
     </span>
     <span class='ocr_line' id='line_1_10' title="bbox 40 1633 1284 1725; baseline 0.002 -29"><span class='ocrx_word' id='word_1_60' title='bbox 40 1633 146 1700; x_wconf 87' lang='lat' dir='ltr'>fluunt</span> <span class='ocrx_word' id='word_1_61' title='bbox 181 1645 215 1702; x_wconf 89' lang='lat' dir='ltr'>et</span> <span class='ocrx_word' id='word_1_62' title='bbox 250 1635 407 1719; x_wconf 79' lang='lat' dir='ltr'>labentur,</span> <span class='ocrx_word' id='word_1_63' title='bbox 441 1636 527 1702; x_wconf 89' lang='lat' dir='ltr'>unde</span> <span class='ocrx_word' id='word_1_64' title='bbox 555 1637 582 1702; x_wconf 89' lang='lat' dir='ltr'>si</span> <span class='ocrx_word' id='word_1_65' title='bbox 612 1659 695 1725; x_wconf 84' lang='lat' dir='ltr'>quae</span> <span class='ocrx_word' id='word_1_66' title='bbox 716 1636 813 1703; x_wconf 85' lang='lat' dir='ltr'>villae</span> <span class='ocrx_word' id='word_1_67' title='bbox 835 1645 892 1703; x_wconf 87' lang='lat' dir='ltr'>aut</span> <span class='ocrx_word' id='word_1_68' title='bbox 917 1635 1111 1701; x_wconf 86' lang='lat' dir='ltr'>hereditates</span> <span class='ocrx_word' id='word_1_69' title='bbox 1144 1636 1284 1702; x_wconf 86' lang='lat' dir='ltr'>invicem</span> 
     </span>
     <span class='ocr_line' id='line_1_11' title="bbox 41 1738 1285 1830; baseline 0.001 -28"><span class='ocrx_word' id='word_1_70' title='bbox 41 1741 243 1806; x_wconf 86' lang='lat' dir='ltr'>conveniunt</span> <span class='ocrx_word' id='word_1_71' title='bbox 265 1742 373 1830; x_wconf 86' lang='lat' dir='ltr'>aliquo</span> <span class='ocrx_word' id='word_1_72' title='bbox 404 1739 504 1808; x_wconf 84' lang='lat' dir='ltr'>fluvio</span> <span class='ocrx_word' id='word_1_73' title='bbox 527 1742 579 1807; x_wconf 87' lang='lat' dir='ltr'>vel</span> <span class='ocrx_word' id='word_1_74' title='bbox 601 1739 708 1808; x_wconf 83' lang='lat' dir='ltr'>rivulo</span> <span class='ocrx_word' id='word_1_75' title='bbox 730 1741 902 1824; x_wconf 84' lang='lat' dir='ltr'>mediante,</span> <span class='ocrx_word' id='word_1_76' title='bbox 934 1741 978 1806; x_wconf 88' lang='lat' dir='ltr'>ita</span> <span class='ocrx_word' id='word_1_77' title='bbox 1012 1739 1099 1827; x_wconf 88' lang='lat' dir='ltr'>quod</span> <span class='ocrx_word' id='word_1_78' title='bbox 1121 1738 1285 1826; x_wconf 87' lang='lat' dir='ltr'>quaelibet</span> 
     </span>
     <span class='ocr_line' id='line_1_12' title="bbox 41 1841 1283 1934; baseline 0.003 -28"><span class='ocrx_word' id='word_1_79' title='bbox 41 1841 207 1911; x_wconf 85' lang='lat' dir='ltr'>hereditas</span> <span class='ocrx_word' id='word_1_80' title='bbox 237 1868 329 1913; x_wconf 87' lang='lat' dir='ltr'>suam</span> <span class='ocrx_word' id='word_1_81' title='bbox 356 1856 465 1912; x_wconf 89' lang='lat' dir='ltr'>teneat</span> <span class='ocrx_word' id='word_1_82' title='bbox 493 1847 598 1934; x_wconf 87' lang='lat' dir='ltr'>ripam</span> <span class='ocrx_word' id='word_1_83' title='bbox 621 1846 707 1913; x_wconf 93' lang='lat' dir='ltr'>illius</span> <span class='ocrx_word' id='word_1_84' title='bbox 730 1845 870 1913; x_wconf 88' lang='lat' dir='ltr'>fluminis</span> <span class='ocrx_word' id='word_1_85' title='bbox 893 1846 935 1912; x_wconf 88' lang='lat' dir='ltr'>ad</span> <span class='ocrx_word' id='word_1_86' title='bbox 964 1847 1067 1934; x_wconf 91' lang='lat' dir='ltr'>ipsam</span> <span class='ocrx_word' id='word_1_87' title='bbox 1089 1853 1283 1932; x_wconf 87' lang='lat' dir='ltr'>protensam,</span> 
     </span>
    </p>
   </div>
   <div class='ocr_carea' id='block_1_5' title="bbox 41 1950 1286 2774">
    <p class='ocr_par' dir='ltr' id='par_1_5' title="bbox 41 1950 1286 2774">
     <span class='ocr_line' id='line_1_13' title="bbox 43 1950 1286 2039; baseline 0.004 -29"><span class='ocrx_word' id='word_1_88' title='bbox 43 1957 73 2011; x_wconf 89' lang='lat' dir='ltr'>ct</span> <span class='ocrx_word' id='word_1_89' title='bbox 106 1951 134 2014; x_wconf 92' lang='lat' dir='ltr'>si</span> <span class='ocrx_word' id='word_1_90' title='bbox 166 1950 252 2016; x_wconf 90' lang='lat' dir='ltr'>idem</span> <span class='ocrx_word' id='word_1_91' title='bbox 276 1951 393 2016; x_wconf 85' lang='lat' dir='ltr'>fluvius</span> <span class='ocrx_word' id='word_1_92' title='bbox 424 1954 575 2019; x_wconf 90' lang='lat' dir='ltr'>ommisso</span> <span class='ocrx_word' id='word_1_93' title='bbox 608 1974 666 2019; x_wconf 91' lang='lat' dir='ltr'>suo</span> <span class='ocrx_word' id='word_1_94' title='bbox 696 1952 860 2039; x_wconf 87' lang='lat' dir='ltr'>primaevo</span> <span class='ocrx_word' id='word_1_95' title='bbox 894 1951 999 2034; x_wconf 86' lang='lat' dir='ltr'>alveo,</span> <span class='ocrx_word' id='word_1_96' title='bbox 1030 1973 1123 2018; x_wconf 90' lang='lat' dir='ltr'>suum</span> <span class='ocrx_word' id='word_1_97' title='bbox 1147 1951 1286 2017; x_wconf 81' lang='lat' dir='ltr'>divertat</span> 
     </span>
     <span class='ocr_line' id='line_1_14' title="bbox 41 2053 1284 2146; baseline 0 -28"><span class='ocrx_word' id='word_1_98' title='bbox 41 2061 184 2120; x_wconf 85' lang='lat' dir='ltr'>meatum</span> <span class='ocrx_word' id='word_1_99' title='bbox 216 2056 286 2123; x_wconf 84' lang='lat' dir='ltr'>sivo</span> <span class='ocrx_word' id='word_1_100' title='bbox 312 2053 435 2122; x_wconf 84' lang='lat' dir='ltr'>fluxum</span> <span class='ocrx_word' id='word_1_101' title='bbox 459 2079 516 2146; x_wconf 87' lang='lat' dir='ltr'>per</span> <span class='ocrx_word' id='word_1_102' title='bbox 548 2056 613 2124; x_wconf 88' lang='lat' dir='ltr'>alia</span> <span class='ocrx_word' id='word_1_103' title='bbox 634 2057 714 2138; x_wconf 86' lang='lat' dir='ltr'>loca,</span> <span class='ocrx_word' id='word_1_104' title='bbox 746 2079 810 2124; x_wconf 91' lang='lat' dir='ltr'>non</span> <span class='ocrx_word' id='word_1_105' title='bbox 844 2055 1022 2124; x_wconf 88' lang='lat' dir='ltr'>ministerio</span> <span class='ocrx_word' id='word_1_106' title='bbox 1053 2055 1202 2136; x_wconf 91' lang='lat' dir='ltr'>hominis,</span> <span class='ocrx_word' id='word_1_107' title='bbox 1225 2054 1284 2119; x_wconf 88' lang='lat' dir='ltr'>sed</span> 
     </span>
     <span class='ocr_line' id='line_1_15' title="bbox 44 2158 1282 2249; baseline 0.002 -28"><span class='ocrx_word' id='word_1_108' title='bbox 44 2158 164 2224; x_wconf 84' lang='lat' dir='ltr'>virtute</span> <span class='ocrx_word' id='word_1_109' title='bbox 189 2161 338 2247; x_wconf 88' lang='lat' dir='ltr'>propria:</span> <span class='ocrx_word' id='word_1_110' title='bbox 362 2169 438 2226; x_wconf 90' lang='lat' dir='ltr'>tunc</span> <span class='ocrx_word' id='word_1_111' title='bbox 461 2163 584 2249; x_wconf 87' lang='lat' dir='ltr'>primus</span> <span class='ocrx_word' id='word_1_112' title='bbox 594 2159 717 2244; x_wconf 84' lang='lat' dir='ltr'>alveus,</span> <span class='ocrx_word' id='word_1_113' title='bbox 730 2160 787 2228; x_wconf 90' lang='lat' dir='ltr'>ubi</span> <span class='ocrx_word' id='word_1_114' title='bbox 803 2169 899 2226; x_wconf 87' lang='lat' dir='ltr'>antea</span> <span class='ocrx_word' id='word_1_115' title='bbox 920 2161 980 2226; x_wconf 85' lang='lat' dir='ltr'>fuit</span> <span class='ocrx_word' id='word_1_116' title='bbox 992 2161 1147 2226; x_wconf 87' lang='lat' dir='ltr'>decursus</span> <span class='ocrx_word' id='word_1_117' title='bbox 1169 2181 1282 2245; x_wconf 87' lang='lat' dir='ltr'>aquae,</span> 
     </span>
     <span class='ocr_line' id='line_1_16' title="bbox 43 2263 1284 2355; baseline 0 -27"><span class='ocrx_word' id='word_1_118' title='bbox 43 2284 99 2348; x_wconf 85' lang='lat' dir='ltr'>pro</span> <span class='ocrx_word' id='word_1_119' title='bbox 130 2265 220 2330; x_wconf 81' lang='lat' dir='ltr'>veris</span> <span class='ocrx_word' id='word_1_120' title='bbox 242 2263 398 2332; x_wconf 88' lang='lat' dir='ltr'>limitibus</span> <span class='ocrx_word' id='word_1_121' title='bbox 420 2275 470 2334; x_wconf 86' lang='lat' dir='ltr'>est</span> <span class='ocrx_word' id='word_1_122' title='bbox 492 2265 690 2355; x_wconf 86' lang='lat' dir='ltr'>reputandus</span> <span class='ocrx_word' id='word_1_123' title='bbox 713 2276 745 2334; x_wconf 86' lang='lat' dir='ltr'>et</span> <span class='ocrx_word' id='word_1_124' title='bbox 766 2265 902 2332; x_wconf 87' lang='lat' dir='ltr'>firmiter</span> <span class='ocrx_word' id='word_1_125' title='bbox 927 2265 1096 2332; x_wconf 86' lang='lat' dir='ltr'>tenendus.</span> <span class='ocrx_word' id='word_1_126' title='bbox 1133 2263 1176 2330; x_wconf 85' lang='lat' dir='ltr'>Et</span> <span class='ocrx_word' id='word_1_127' title='bbox 1198 2263 1284 2330; x_wconf 87' lang='lat' dir='ltr'>idern</span> 
     </span>
     <span class='ocr_line' id='line_1_17' title="bbox 44 2366 1285 2458; baseline 0.003 -30"><span class='ocrx_word' id='word_1_128' title='bbox 44 2367 73 2432; x_wconf 88' lang='lat' dir='ltr'>iu</span> <span class='ocrx_word' id='word_1_129' title='bbox 97 2366 173 2434; x_wconf 87' lang='lat' dir='ltr'>lacu</span> <span class='ocrx_word' id='word_1_130' title='bbox 194 2367 250 2434; x_wconf 94' lang='lat' dir='ltr'>illo</span> <span class='ocrx_word' id='word_1_131' title='bbox 273 2369 314 2436; x_wconf 91' lang='lat' dir='ltr'>de</span> <span class='ocrx_word' id='word_1_132' title='bbox 326 2378 460 2458; x_wconf 84' lang='lat' dir='ltr'>utraque</span> <span class='ocrx_word' id='word_1_133' title='bbox 472 2369 551 2436; x_wconf 81' lang='lat' dir='ltr'>villa</span> <span class='ocrx_word' id='word_1_134' title='bbox 572 2369 718 2436; x_wconf 89' lang='lat' dir='ltr'>homines</span> <span class='ocrx_word' id='word_1_135' title='bbox 731 2368 947 2436; x_wconf 82' lang='lat' dir='ltr'>inhabitantes</span> <span class='ocrx_word' id='word_1_136' title='bbox 960 2369 1045 2435; x_wconf 87' lang='lat' dir='ltr'>licite</span> <span class='ocrx_word' id='word_1_137' title='bbox 1068 2368 1188 2434; x_wconf 85' lang='lat' dir='ltr'>faciant</span> <span class='ocrx_word' id='word_1_138' title='bbox 1209 2389 1285 2434; x_wconf 81' lang='lat' dir='ltr'>suas</span> 
     </span>
     <span class='ocr_line' id='line_1_18' title="bbox 44 2472 1285 2560; baseline 0.001 -25"><span class='ocrx_word' id='word_1_139' title='bbox 44 2472 233 2556; x_wconf 84' lang='lat' dir='ltr'>piscaturas.</span> <span class='ocrx_word' id='word_1_140' title='bbox 257 2475 479 2542; x_wconf 87' lang='lat' dir='ltr'>Secusautom</span> <span class='ocrx_word' id='word_1_141' title='bbox 492 2475 641 2558; x_wconf 80' lang='lat' dir='ltr'>dicimus,</span> <span class='ocrx_word' id='word_1_142' title='bbox 664 2477 691 2541; x_wconf 88' lang='lat' dir='ltr'>si</span> <span class='ocrx_word' id='word_1_143' title='bbox 708 2473 816 2541; x_wconf 82' lang='lat' dir='ltr'>fluxus</span> <span class='ocrx_word' id='word_1_144' title='bbox 828 2472 970 2540; x_wconf 89' lang='lat' dir='ltr'>fluminis</span> <span class='ocrx_word' id='word_1_145' title='bbox 993 2497 1014 2540; x_wconf 85' lang='lat' dir='ltr'>a</span> <span class='ocrx_word' id='word_1_146' title='bbox 1034 2474 1164 2560; x_wconf 84' lang='lat' dir='ltr'>proprio</span> <span class='ocrx_word' id='word_1_147' title='bbox 1176 2483 1285 2537; x_wconf 86' lang='lat' dir='ltr'>meatu</span> 
     </span>
     <span class='ocr_line' id='line_1_19' title="bbox 44 2576 1284 2664; baseline 0.002 -25"><span class='ocrx_word' id='word_1_148' title='bbox 44 2587 236 2663; x_wconf 87' lang='lat' dir='ltr'>praeparatu</span> <span class='ocrx_word' id='word_1_149' title='bbox 265 2578 404 2646; x_wconf 88' lang='lat' dir='ltr'>hominis</span> <span class='ocrx_word' id='word_1_150' title='bbox 437 2579 636 2664; x_wconf 81' lang='lat' dir='ltr'>retrahatur3</span> <span class='ocrx_word' id='word_1_151' title='bbox 675 2592 752 2647; x_wconf 87' lang='lat' dir='ltr'>tnnc</span> <span class='ocrx_word' id='word_1_152' title='bbox 782 2578 937 2645; x_wconf 87' lang='lat' dir='ltr'>decursus</span> <span class='ocrx_word' id='word_1_153' title='bbox 968 2576 1109 2644; x_wconf 88' lang='lat' dir='ltr'>fluminis</span> <span class='ocrx_word' id='word_1_154' title='bbox 1132 2599 1190 2664; x_wconf 89' lang='lat' dir='ltr'>pro</span> <span class='ocrx_word' id='word_1_155' title='bbox 1213 2585 1284 2642; x_wconf 83' lang='lat' dir='ltr'>ter-</span> 
     </span>
     <span class='ocr_line' id='line_1_20' title="bbox 46 2681 872 2774; baseline 0.013 -32"><span class='ocrx_word' id='word_1_156' title='bbox 46 2681 138 2748; x_wconf 86' lang='lat' dir='ltr'>minis</span> <span class='ocrx_word' id='word_1_157' title='bbox 163 2692 213 2748; x_wconf 89' lang='lat' dir='ltr'>est</span> <span class='ocrx_word' id='word_1_158' title='bbox 235 2681 403 2752; x_wconf 87' lang='lat' dir='ltr'>habendus</span> <span class='ocrx_word' id='word_1_159' title='bbox 426 2695 458 2752; x_wconf 90' lang='lat' dir='ltr'>et</span> <span class='ocrx_word' id='word_1_160' title='bbox 480 2690 645 2752; x_wconf 86' lang='lat' dir='ltr'>aevitome</span> <span class='ocrx_word' id='word_1_161' title='bbox 667 2685 872 2774; x_wconf 88' lang='lat' dir='ltr'>reputandus.</span> 
     </span>
    </p>
   </div>
   <div class='ocr_carea' id='block_1_6' title="bbox 46 2861 1283 3042">
    <p class='ocr_par' dir='ltr' id='par_1_6' title="bbox 46 2861 1283 3042">
     <span class='ocr_line' id='line_1_21' title="bbox 46 2861 1283 2960; baseline -0.006 -26"><span class='ocrx_word' id='word_1_162' title='bbox 46 2865 193 2954; x_wconf 79' lang='lat' dir='ltr'>Sequitur</span> <span class='ocrx_word' id='word_1_163' title='bbox 214 2871 252 2936; x_wconf 82' lang='lat' dir='ltr'>de</span> <span class='ocrx_word' id='word_1_164' title='bbox 273 2872 471 2960; x_wconf 73' lang='lat' dir='ltr'>expeditione</span> <span class='ocrx_word' id='word_1_165' title='bbox 493 2870 655 2952; x_wconf 76' lang='lat' dir='ltr'>nobilium,</span> <span class='ocrx_word' id='word_1_166' title='bbox 686 2869 742 2934; x_wconf 80' lang='lat' dir='ltr'>obi</span> <span class='ocrx_word' id='word_1_167' title='bbox 764 2866 895 2956; x_wconf 78' lang='lat' dir='ltr'>quilibet</span> <span class='ocrx_word' id='word_1_168' title='bbox 923 2865 978 2930; x_wconf 75' lang='lat' dir='ltr'>areb</span> <span class='ocrx_word' id='word_1_169' title='bbox 1007 2865 1123 2930; x_wconf 78' lang='lat' dir='ltr'>vacillo</span> <span class='ocrx_word' id='word_1_170' title='bbox 1145 2861 1232 2929; x_wconf 81' lang='lat' dir='ltr'>debet</span> <span class='ocrx_word' id='word_1_171' title='bbox 1254 2873 1283 2928; x_wconf 89' lang='lat' dir='ltr'>et</span> 
     </span>
     <span class='ocr_line' id='line_1_22' title="bbox 540 2975 794 3042; baseline -0.016 0"><span class='ocrx_word' id='word_1_172' title='bbox 540 2986 660 3042; x_wconf 76' lang='lat' dir='ltr'>terretur·</span> <span class='ocrx_word' id='word_1_173' title='bbox 682 2975 794 3040; x_wconf 71' lang='lat' dir='ltr'>locuti.</span> 
     </span>
    </p>
   </div>
   <div class='ocr_carea' id='block_1_7' title="bbox 46 3124 1285 4688">
    <p class='ocr_par' dir='ltr' id='par_1_7' title="bbox 46 3124 1285 4688">
     <span class='ocr_line' id='line_1_23' title="bbox 127 3124 1279 3216; baseline -0.007 -18"><span class='ocrx_word' id='word_1_174' title='bbox 127 3135 160 3198; x_wconf 88' lang='lat'>3.</span> <span class='ocrx_word' id='word_1_175' title='bbox 206 3133 267 3200; x_wconf 91' lang='lat' dir='ltr'>Jus</span> <span class='ocrx_word' id='word_1_176' title='bbox 290 3133 445 3200; x_wconf 89' lang='lat' dir='ltr'>militare.</span> <span class='ocrx_word' id='word_1_177' title='bbox 477 3133 616 3216; x_wconf 77' lang='lat' dir='ltr'>Quidum</span> <span class='ocrx_word' id='word_1_178' title='bbox 629 3155 670 3198; x_wconf 87' lang='lat' dir='ltr'>ex</span> <span class='ocrx_word' id='word_1_179' title='bbox 682 3132 800 3197; x_wconf 88' lang='lat' dir='ltr'>nostris</span> <span class='ocrx_word' id='word_1_180' title='bbox 812 3127 978 3212; x_wconf 87' lang='lat' dir='ltr'>militibus,</span> <span class='ocrx_word' id='word_1_181' title='bbox 992 3125 1176 3209; x_wconf 87' lang='lat' dir='ltr'>baronibus,</span> <span class='ocrx_word' id='word_1_182' title='bbox 1189 3124 1279 3191; x_wconf 91' lang='lat' dir='ltr'>nobi-</span> 
     </span>
     <span class='ocr_line' id='line_1_24' title="bbox 46 3229 1282 3323; baseline -0.005 -24"><span class='ocrx_word' id='word_1_183' title='bbox 46 3235 137 3321; x_wconf 87' lang='lat' dir='ltr'>hbus,</span> <span class='ocrx_word' id='word_1_184' title='bbox 174 3260 247 3304; x_wconf 90' lang='lat' dir='ltr'>cum</span> <span class='ocrx_word' id='word_1_185' title='bbox 277 3240 310 3303; x_wconf 89' lang='lat' dir='ltr'>iu</span> <span class='ocrx_word' id='word_1_186' title='bbox 341 3239 456 3306; x_wconf 84' lang='lat' dir='ltr'>castris</span> <span class='ocrx_word' id='word_1_187' title='bbox 486 3248 598 3304; x_wconf 87' lang='lat' dir='ltr'>contra</span> <span class='ocrx_word' id='word_1_188' title='bbox 620 3237 728 3303; x_wconf 89' lang='lat' dir='ltr'>hostes</span> <span class='ocrx_word' id='word_1_189' title='bbox 761 3235 857 3323; x_wconf 89' lang='lat' dir='ltr'>positi</span> <span class='ocrx_word' id='word_1_190' title='bbox 887 3231 1015 3316; x_wconf 84' lang='lat' dir='ltr'>luerint,</span> <span class='ocrx_word' id='word_1_191' title='bbox 1046 3233 1133 3298; x_wconf 91' lang='lat' dir='ltr'>omni</span> <span class='ocrx_word' id='word_1_192' title='bbox 1155 3229 1282 3318; x_wconf 85' lang='lat' dir='ltr'>abjecto</span> 
     </span>
     <span class='ocr_line' id='line_1_25' title="bbox 47 3332 1282 3423; baseline -0.006 -18"><span class='ocrx_word' id='word_1_193' title='bbox 47 3341 172 3423; x_wconf 86' lang='lat' dir='ltr'>rubore,</span> <span class='ocrx_word' id='word_1_194' title='bbox 199 3364 271 3409; x_wconf 90' lang='lat' dir='ltr'>cum</span> <span class='ocrx_word' id='word_1_195' title='bbox 302 3345 434 3410; x_wconf 85' lang='lat' dir='ltr'>minima</span> <span class='ocrx_word' id='word_1_196' title='bbox 470 3343 658 3410; x_wconf 88' lang='lat' dir='ltr'>strenuitate</span> <span class='ocrx_word' id='word_1_197' title='bbox 690 3340 888 3415; x_wconf 87' lang='lat' dir='ltr'>comitantes,</span> <span class='ocrx_word' id='word_1_198' title='bbox 917 3336 978 3402; x_wconf 90' lang='lat' dir='ltr'>sub</span> <span class='ocrx_word' id='word_1_199' title='bbox 1008 3333 1128 3402; x_wconf 86' lang='lat' dir='ltr'>nullius</span> <span class='ocrx_word' id='word_1_200' title='bbox 1161 3332 1282 3400; x_wconf 82' lang='lat' dir='ltr'>vexillo</span> 
     </span>
     <span class='ocr_line' id='line_1_26' title="bbox 48 3437 1282 3528; baseline -0.006 -18"><span class='ocrx_word' id='word_1_201' title='bbox 48 3445 84 3511; x_wconf 87' lang='lat' dir='ltr'>ds</span> <span class='ocrx_word' id='word_1_202' title='bbox 106 3457 218 3515; x_wconf 89' lang='lat' dir='ltr'>nostro</span> <span class='ocrx_word' id='word_1_203' title='bbox 240 3451 386 3516; x_wconf 81' lang='lat' dir='ltr'>exercitu</span> <span class='ocrx_word' id='word_1_204' title='bbox 400 3471 436 3516; x_wconf 91' lang='lat' dir='ltr'>se</span> <span class='ocrx_word' id='word_1_205' title='bbox 447 3448 555 3515; x_wconf 86' lang='lat' dir='ltr'>locare</span> <span class='ocrx_word' id='word_1_206' title='bbox 574 3453 821 3528; x_wconf 81' lang='lat' dir='ltr'>consueverunt,</span> <span class='ocrx_word' id='word_1_207' title='bbox 844 3443 886 3510; x_wconf 92' lang='lat' dir='ltr'>ad</span> <span class='ocrx_word' id='word_1_208' title='bbox 897 3441 1101 3524; x_wconf 86' lang='lat' dir='ltr'>buno&#39;finem,</span> <span class='ocrx_word' id='word_1_209' title='bbox 1115 3449 1150 3503; x_wconf 92' lang='lat' dir='ltr'>ut</span> <span class='ocrx_word' id='word_1_210' title='bbox 1163 3437 1282 3504; x_wconf 85' lang='lat' dir='ltr'>machi·</span> 
     </span>
     <span class='ocr_line' id='line_1_27' title="bbox 48 3543 1285 3641; baseline -0.008 -25"><span class='ocrx_word' id='word_1_211' title='bbox 48 3571 158 3620; x_wconf 87' lang='lat' dir='ltr'>uarum</span> <span class='ocrx_word' id='word_1_212' title='bbox 182 3563 215 3620; x_wconf 90' lang='lat' dir='ltr'>et</span> <span class='ocrx_word' id='word_1_213' title='bbox 237 3553 552 3641; x_wconf 83' lang='lat' dir='ltr'>propugnaculorum</span> <span class='ocrx_word' id='word_1_214' title='bbox 570 3561 627 3619; x_wconf 86' lang='lat' dir='ltr'>aut</span> <span class='ocrx_word' id='word_1_215' title='bbox 647 3552 749 3640; x_wconf 88' lang='lat' dir='ltr'>ipsius</span> <span class='ocrx_word' id='word_1_216' title='bbox 771 3549 934 3616; x_wconf 83' lang='lat' dir='ltr'>exercitus</span> <span class='ocrx_word' id='word_1_217' title='bbox 956 3545 1136 3612; x_wconf 88' lang='lat' dir='ltr'>custodiam</span> <span class='ocrx_word' id='word_1_218' title='bbox 1162 3543 1285 3608; x_wconf 77' lang='lat' dir='ltr'>evitent</span> 
     </span>
     <span class='ocr_line' id='line_1_28' title="bbox 49 3645 1282 3748; baseline -0.009 -27"><span class='ocrx_word' id='word_1_219' title='bbox 49 3667 78 3721; x_wconf 89' lang='lat' dir='ltr'>et</span> <span class='ocrx_word' id='word_1_220' title='bbox 108 3659 339 3742; x_wconf 82' lang='lat' dir='ltr'>defensionem,</span> <span class='ocrx_word' id='word_1_221' title='bbox 374 3681 470 3748; x_wconf 86' lang='lat' dir='ltr'>quam</span> <span class='ocrx_word' id='word_1_222' title='bbox 503 3659 601 3724; x_wconf 83' lang='lat' dir='ltr'>ceteri</span> <span class='ocrx_word' id='word_1_223' title='bbox 623 3657 738 3724; x_wconf 74' lang='lat' dir='ltr'>frames</span> <span class='ocrx_word' id='word_1_224' title='bbox 761 3655 914 3743; x_wconf 90' lang='lat' dir='ltr'>ipsorum,</span> <span class='ocrx_word' id='word_1_225' title='bbox 938 3649 999 3718; x_wconf 89' lang='lat' dir='ltr'>sub</span> <span class='ocrx_word' id='word_1_226' title='bbox 1032 3649 1128 3716; x_wconf 85' lang='lat' dir='ltr'>cortis</span> <span class='ocrx_word' id='word_1_227' title='bbox 1152 3645 1282 3712; x_wconf 84' lang='lat' dir='ltr'>vexillis</span> 
     </span>
     <span class='ocr_line' id='line_1_29' title="bbox 48 3757 1281 3850; baseline -0.009 -23"><span class='ocrx_word' id='word_1_228' title='bbox 48 3759 150 3848; x_wconf 87' lang='lat' dir='ltr'>locati,</span> <span class='ocrx_word' id='word_1_229' title='bbox 176 3765 352 3831; x_wconf 86' lang='lat' dir='ltr'>secuudum</span> <span class='ocrx_word' id='word_1_230' title='bbox 376 3764 521 3830; x_wconf 82' lang='lat' dir='ltr'>ordicom</span> <span class='ocrx_word' id='word_1_231' title='bbox 543 3765 628 3828; x_wconf 88' lang='lat' dir='ltr'>inter</span> <span class='ocrx_word' id='word_1_232' title='bbox 644 3763 733 3850; x_wconf 89' lang='lat' dir='ltr'>ipsos</span> <span class='ocrx_word' id='word_1_233' title='bbox 743 3761 883 3848; x_wconf 89' lang='lat' dir='ltr'>poitum</span> <span class='ocrx_word' id='word_1_234' title='bbox 904 3757 1012 3824; x_wconf 76' lang='lat' dir='ltr'>fecere</span> <span class='ocrx_word' id='word_1_235' title='bbox 1034 3758 1281 3820; x_wconf 84' lang='lat' dir='ltr'>consueverunt.</span> 
     </span>
     <span class='ocr_line' id='line_1_30' title="bbox 50 3853 1279 3958; baseline -0.009 -27"><span class='ocrx_word' id='word_1_236' title='bbox 50 3863 88 3931; x_wconf 83' lang='lat' dir='ltr'>llt</span> <span class='ocrx_word' id='word_1_237' title='bbox 109 3872 186 3956; x_wconf 90' lang='lat' dir='ltr'>quia</span> <span class='ocrx_word' id='word_1_238' title='bbox 207 3871 311 3958; x_wconf 87' lang='lat' dir='ltr'>turpis</span> <span class='ocrx_word' id='word_1_239' title='bbox 333 3878 488 3955; x_wconf 86' lang='lat' dir='ltr'>estpars,</span> <span class='ocrx_word' id='word_1_240' title='bbox 512 3889 595 3956; x_wconf 86' lang='lat' dir='ltr'>quae</span> <span class='ocrx_word' id='word_1_241' title='bbox 617 3887 676 3933; x_wconf 87' lang='lat' dir='ltr'>suo</span> <span class='ocrx_word' id='word_1_242' title='bbox 698 3887 764 3931; x_wconf 89' lang='lat' dir='ltr'>non</span> <span class='ocrx_word' id='word_1_243' title='bbox 786 3863 934 3950; x_wconf 76' lang='lat' dir='ltr'>congruit</span> <span class='ocrx_word' id='word_1_244' title='bbox 955 3868 1022 3925; x_wconf 90' lang='lat' dir='ltr'>toto</span> <span class='ocrx_word' id='word_1_245' title='bbox 1036 3879 1094 3924; x_wconf 83' lang='lat' dir='ltr'>seu</span> <span class='ocrx_word' id='word_1_246' title='bbox 1116 3853 1279 3938; x_wconf 81' lang='lat' dir='ltr'>universo,</span> 
     </span>
     <span class='ocr_line' id='line_1_31' title="bbox 50 3960 1279 4062; baseline -0.007 -28"><span class='ocrx_word' id='word_1_247' title='bbox 50 3975 234 4041; x_wconf 88' lang='lat' dir='ltr'>statuimus:</span> <span class='ocrx_word' id='word_1_248' title='bbox 266 3973 313 4040; x_wconf 91' lang='lat' dir='ltr'>Ut</span> <span class='ocrx_word' id='word_1_249' title='bbox 323 3972 461 4062; x_wconf 89' lang='lat' dir='ltr'>quilibet</span> <span class='ocrx_word' id='word_1_250' title='bbox 482 3971 574 4038; x_wconf 89' lang='lat' dir='ltr'>miles</span> <span class='ocrx_word' id='word_1_251' title='bbox 598 3979 653 4037; x_wconf 89' lang='lat' dir='ltr'>aut</span> <span class='ocrx_word' id='word_1_252' title='bbox 675 3965 897 4057; x_wconf 73' lang='lat' dir='ltr'>simplex&#39;sub</span> <span class='ocrx_word' id='word_1_253' title='bbox 919 3973 1007 4032; x_wconf 85' lang='lat' dir='ltr'>certo</span> <span class='ocrx_word' id='word_1_254' title='bbox 1029 3960 1150 4027; x_wconf 81' lang='lat' dir='ltr'>vexillo</span> <span class='ocrx_word' id='word_1_255' title='bbox 1173 3968 1279 4026; x_wconf 89' lang='lat' dir='ltr'>erecto</span> 
     </span>
     <span class='ocr_line' id='line_1_32' title="bbox 51 4063 1280 4164; baseline -0.011 -22"><span class='ocrx_word' id='word_1_256' title='bbox 51 4081 338 4146; x_wconf 84' lang='lat' dir='ltr'>cumsuastatione</span> <span class='ocrx_word' id='word_1_257' title='bbox 360 4077 574 4164; x_wconf 78' lang='lat' dir='ltr'>conquiescat</span> <span class='ocrx_word' id='word_1_258' title='bbox 597 4083 630 4139; x_wconf 89' lang='lat' dir='ltr'>et</span> <span class='ocrx_word' id='word_1_259' title='bbox 651 4075 821 4160; x_wconf 84' lang='lat' dir='ltr'>ingruente</span> <span class='ocrx_word' id='word_1_260' title='bbox 840 4071 1034 4138; x_wconf 89' lang='lat' dir='ltr'>necessitate</span> <span class='ocrx_word' id='word_1_261' title='bbox 1056 4063 1280 4133; x_wconf 88' lang='lat' dir='ltr'>bellietdimi·</span> 
     </span>
     <span class='ocr_line' id='line_1_33' title="bbox 52 4165 1282 4266; baseline -0.013 -19"><span class='ocrx_word' id='word_1_262' title='bbox 52 4186 180 4250; x_wconf 83' lang='lat' dir='ltr'>cationis</span> <span class='ocrx_word' id='word_1_263' title='bbox 204 4207 277 4250; x_wconf 89' lang='lat' dir='ltr'>cum</span> <span class='ocrx_word' id='word_1_264' title='bbox 300 4182 448 4250; x_wconf 84' lang='lat' dir='ltr'>hostibus</span> <span class='ocrx_word' id='word_1_265' title='bbox 472 4181 553 4246; x_wconf 82' lang='lat' dir='ltr'>sciat</span> <span class='ocrx_word' id='word_1_266' title='bbox 574 4200 690 4266; x_wconf 84' lang='lat' dir='ltr'>capere</span> <span class='ocrx_word' id='word_1_267' title='bbox 713 4177 820 4243; x_wconf 87' lang='lat' dir='ltr'>locum</span> <span class='ocrx_word' id='word_1_268' title='bbox 836 4184 969 4256; x_wconf 82' lang='lat' dir='ltr'>certum,</span> <span class='ocrx_word' id='word_1_269' title='bbox 991 4193 1050 4261; x_wconf 91' lang='lat' dir='ltr'>pro</span> <span class='ocrx_word' id='word_1_270' title='bbox 1084 4170 1134 4236; x_wconf 91' lang='lat' dir='ltr'>sui</span> <span class='ocrx_word' id='word_1_271' title='bbox 1167 4165 1282 4236; x_wconf 85' lang='lat' dir='ltr'>vexilli</span> 
     </span>
     <span class='ocr_line' id='line_1_34' title="bbox 51 4277 1281 4371; baseline -0.011 -20"><span class='ocrx_word' id='word_1_272' title='bbox 51 4285 241 4355; x_wconf 80' lang='lat' dir='ltr'>defensione.</span> <span class='ocrx_word' id='word_1_273' title='bbox 272 4285 376 4352; x_wconf 84' lang='lat' dir='ltr'>Aliter</span> <span class='ocrx_word' id='word_1_274' title='bbox 398 4283 554 4368; x_wconf 86' lang='lat' dir='ltr'>volumus,</span> <span class='ocrx_word' id='word_1_275' title='bbox 578 4281 665 4371; x_wconf 91' lang='lat' dir='ltr'>quod</span> <span class='ocrx_word' id='word_1_276' title='bbox 687 4282 715 4347; x_wconf 90' lang='lat' dir='ltr'>si</span> <span class='ocrx_word' id='word_1_277' title='bbox 737 4279 818 4348; x_wconf 89' lang='lat' dir='ltr'>tales</span> <span class='ocrx_word' id='word_1_278' title='bbox 840 4279 977 4367; x_wconf 89' lang='lat' dir='ltr'>amplius</span> <span class='ocrx_word' id='word_1_279' title='bbox 999 4277 1033 4343; x_wconf 91' lang='lat' dir='ltr'>iu</span> <span class='ocrx_word' id='word_1_280' title='bbox 1055 4281 1164 4342; x_wconf 82' lang='lat' dir='ltr'>nostro</span> <span class='ocrx_word' id='word_1_281' title='bbox 1187 4295 1281 4338; x_wconf 85' lang='lat' dir='ltr'>exer-</span> 
     </span>
     <span class='ocr_line' id='line_1_35' title="bbox 53 4379 1279 4477; baseline -0.011 -24"><span class='ocrx_word' id='word_1_282' title='bbox 53 4391 110 4458; x_wconf 89' lang='lat' dir='ltr'>citu</span> <span class='ocrx_word' id='word_1_283' title='bbox 130 4393 251 4459; x_wconf 87' lang='lat' dir='ltr'>fuerint</span> <span class='ocrx_word' id='word_1_284' title='bbox 271 4390 406 4473; x_wconf 87' lang='lat' dir='ltr'>inventi,</span> <span class='ocrx_word' id='word_1_285' title='bbox 428 4411 488 4477; x_wconf 89' lang='lat' dir='ltr'>per</span> <span class='ocrx_word' id='word_1_286' title='bbox 509 4395 653 4454; x_wconf 85' lang='lat' dir='ltr'>nostrum</span> <span class='ocrx_word' id='word_1_287' title='bbox 673 4385 957 4466; x_wconf 80' lang='lat' dir='ltr'>subcamerarium,</span> <span class='ocrx_word' id='word_1_288' title='bbox 981 4380 1041 4448; x_wconf 94' lang='lat' dir='ltr'>sub</span> <span class='ocrx_word' id='word_1_289' title='bbox 1061 4401 1124 4466; x_wconf 89' lang='lat' dir='ltr'>quo</span> <span class='ocrx_word' id='word_1_290' title='bbox 1147 4379 1279 4463; x_wconf 80' lang='lat' dir='ltr'>degunt,</span> 
     </span>
     <span class='ocr_line' id='line_1_36' title="bbox 53 4487 1279 4583; baseline -0.009 -25"><span class='ocrx_word' id='word_1_291' title='bbox 53 4499 129 4582; x_wconf 86' lang='lat' dir='ltr'>eapti</span> <span class='ocrx_word' id='word_1_292' title='bbox 151 4495 206 4566; x_wconf 83' lang='lat' dir='ltr'>vel</span> <span class='ocrx_word' id='word_1_293' title='bbox 228 4496 349 4583; x_wconf 88' lang='lat' dir='ltr'>captivi</span> <span class='ocrx_word' id='word_1_294' title='bbox 382 4493 476 4560; x_wconf 85' lang='lat' dir='ltr'>nobis</span> <span class='ocrx_word' id='word_1_295' title='bbox 506 4493 704 4581; x_wconf 86' lang='lat' dir='ltr'>praesentari</span> <span class='ocrx_word' id='word_1_296' title='bbox 734 4489 915 4572; x_wconf 81' lang='lat' dir='ltr'>debebunt3</span> <span class='ocrx_word' id='word_1_297' title='bbox 950 4487 1026 4573; x_wconf 83' lang='lat' dir='ltr'>equi</span> <span class='ocrx_word' id='word_1_298' title='bbox 1059 4505 1137 4550; x_wconf 87' lang='lat' dir='ltr'>vero</span> <span class='ocrx_word' id='word_1_299' title='bbox 1168 4503 1279 4549; x_wconf 83' lang='lat' dir='ltr'>sorum</span> 
     </span>
     <span class='ocr_line' id='line_1_37' title="bbox 55 4594 794 4688; baseline -0.004 -25"><span class='ocrx_word' id='word_1_300' title='bbox 55 4598 282 4669; x_wconf 83' lang='lat' dir='ltr'>subcamerario</span> <span class='ocrx_word' id='word_1_301' title='bbox 305 4621 364 4688; x_wconf 89' lang='lat' dir='ltr'>pro</span> <span class='ocrx_word' id='word_1_302' title='bbox 387 4621 445 4664; x_wconf 86' lang='lat' dir='ltr'>sua</span> <span class='ocrx_word' id='word_1_303' title='bbox 467 4595 564 4684; x_wconf 88' lang='lat' dir='ltr'>culpa</span> <span class='ocrx_word' id='word_1_304' title='bbox 585 4594 794 4684; x_wconf 84' lang='lat' dir='ltr'>applicentur.</span> 
     </span>
    </p>
   </div>
   <div class='ocr_carea' id='block_1_8' title="bbox 0 0 1564 5128">
    <p class='ocr_par' dir='ltr' id='par_1_8' title="bbox 0 0 1564 5128">
     <span class='ocr_line' id='line_1_38' title="bbox 0 0 1564 5128; baseline 0 0"><span class='ocrx_word' id='word_1_305' title='bbox 0 0 1564 5128; x_wconf 95' lang='lat' dir='ltr'> </span> 
     </span>
    </p>
   </div>
  </div>
 </body>
</html>
