3082 5128
227 365 301 449 bdd
603 381 727 446 xxxiv.
746 389 852 446 satuti
869 382 1040 446 anelthonta
1056 384 1091 446 n.

312 578 365 646 45.
388 579 470 646 Item
494 603 592 668 quum
612 581 762 648 omnibus
784 581 940 650 violentia
962 583 1004 648 sit
1026 583 1068 650 ab
1084 581 1234 664 omnibus
1251 581 1392 668 juribus
1402 603 1476 668 pro-

226 679 340 768 hibita,
364 685 468 770 exigit
490 686 600 770 regias
613 687 782 773 majestati,
804 686 987 772 prohibere,
1015 709 1055 754 ne
1077 695 1283 755 transeuntes
1305 708 1370 774 per-
1384 687 1477 750 viam

224 787 267 853 ad
292 788 440 856 dominos
463 790 618 876 ipsorum,
641 791 750 857 vatin
774 793 914 878 propriis
936 794 1074 878 negotiis
1097 791 1295 870 ordinandis,
1316 791 1388 858 sive
1413 791 1479 855 sint

224 894 398 980 principes,
431 893 560 976 milites,
591 904 648 960 aut
669 894 801 960 alterius
823 903 927 963 satus
951 897 1183 984 cnjuscumque
1205 894 1259 962 vel
1280 893 1480 962 conditionis

225 996 371 1064 homines
394 1000 546 1081 existant,
576 1020 635 1085 pro
658 1021 694 1064 se
717 1019 880 1087 expensas
903 1011 958 1068 aut
980 1000 1099 1088 pabula
1122 1022 1287 1089 equorum,
1318 1001 1352 1065 in
1375 998 1479 1083 villis,

224 1104 369 1172 tabernis
400 1116 458 1171 aut
489 1104 566 1174 loeis
600 1107 756 1174 solitariis
788 1108 822 1172 vi
856 1105 1023 1193 recipiant,
1059 1105 1278 1192 autaliquem
1301 1104 1368 1170 vim
1390 1102 1478 1166 infe-

152 1265 158 1274 .
225 1218 298 1276 rant
310 1209 492 1276 volentibua
503 1211 655 1295 vendere,
679 1209 964 1278 autavsnditions
980 1232 1016 1276 se
1029 1208 1278 1291 retrahentibus,
1301 1207 1360 1272 aed
1375 1229 1478 1274 unus-

227 1315 364 1401 quisque
386 1337 422 1380 re
445 1337 504 1380 sua
526 1312 628 1380 libere
649 1325 768 1393 utatur,
792 1337 849 1402 pro
872 1313 964 1381 libita
988 1336 1064 1380 suae
1088 1313 1273 1380 voluntatis.

309 1419 363 1486 46.
398 1419 521 1486 Verum
550 1421 628 1506 quia
656 1442 848 1507 guerrarum
880 1419 1044 1504 strepitus,
1076 1441 1120 1484 ex
1141 1415 1325 1482 inordinata
1347 1414 1477 1496 militia,

227 1520 345 1590 milites
364 1522 437 1610 plus
460 1525 608 1611 proprias
631 1535 743 1608 terras,
767 1522 1007 1611 qnamalienas,
1031 1525 1270 1588 o'onauevemmt
1292 1543 1335 1586 ex
1355 1519 1477 1606 rapine

223 1625 366 1694 indebite
377 1627 551 1712 desertare,
563 1628 606 1694 ad
618 1627 870 1695 succurrendum
885 1627 959 1692 huic
969 1627 1123 1710 remedio,
1146 1627 1298 1691 convenit
1315 1633 1476 1690 statueres

227 1731 541 1812 Quodtranseuntes
557 1733 598 1798 ad
618 1733 869 1822 expeditionem,
890 1732 924 1798 in
948 1732 1016 1798 suis
1039 1731 1178 1818 propriis
1201 1731 1296 1799 terris
1317 1749 1383 1794 non
1398 1726 1475 1815 plus

226 1859 285 1924 pro
308 1836 492 1925 sumptibus
515 1839 660 1925 ipsorum
684 1847 717 1904 et
737 1859 893 1924 equorum
915 1836 1084 1922 recipiant,
1108 1835 1172 1900 nisi
1194 1833 1393 1900 moderatum
1421 1855 1474 1919 pa·

226 1938 349 2020 bulum,
383 1943 583 2008 astrictum
614 1943 770 2028 ipsorum,
804 1943 875 2008 sine
897 1962 960 2028 quo
993 1939 1147 2006 transitus
1170 1937 1250 2004 alias
1272 1935 1386 2004 haberi
1410 1959 1475 2002 non

223 2057 347 2130 posset

312 2147 364 2215 47.
398 2147 594 2216 statuimus:
617 2148 714 2231 Quod
737 2150 860 2236 siquis
882 2147 1067 2235 inculpatus
1089 2145 1194 2224 fucrit,
1225 2143 1310 2230 quod
1331 2166 1398 2210 non
1421 2143 1473 2209 ha-

223 2250 315 2317 beret
340 2253 395 2338 jus
428 2251 571 2337 militale,
603 2255 673 2340 ipse
708 2253 789 2319 duos
822 2253 968 2320 seniores
993 2251 1080 2316 *suae
1104 2246 1305 2334 genologise‚
1339 2246 1474 2312 alterius

223 2355 416 2442 genalogiae
438 2356 518 2423 alios
541 2357 633 2440 duos,
667 2368 699 2424 et
721 2358 803 2424 dnos
823 2357 938 2424 tertiae
965 2353 1155 2441 genalogiae
1178 2353 1280 2425 bonos
1303 2351 1471 2438 producat,

224 2483 313 2526 more
336 2470 501 2544 consueto,
524 2461 567 2528 ad
590 2460 800 2528 obtinendum
823 2485 917 2528 suum
934 2461 991 2578 pus
1012 2457 1158 2524 miiitale.

309 2566 362 2633 48.
397 2564 506 2631 Etiam
530 2567 717 2632 statuimus:
752 2567 882 2654 Siquis
911 2563 1050 2630 mllitnm
1080 2571 1136 2630 aut
1158 2559 1314 2626 nobilium
1350 2559 1391 2626 de
1413 2558 1472 2624 hoo

224 2668 335 2734 seculo
366 2668 530 2756 migrabit,
566 2669 691 2736 habens
720 2670 804 2736 filios
828 2681 860 2736 et
882 2667 976 2751 filias,
1007 2677 1084 2735 tune
1105 2665 1222 2732 fratrea
1252 2687 1329 2730 suas
1350 2683 1473 2730 sorores

227 2775 351 2840 maritis
376 2774 514 2856 tradent,
538 2775 613 2841 dote
636 2778 683 2840 eis
706 2777 871 2860 assignate
894 2796 983 2840 more
1006 2779 1170 2838 consueto.
1205 2767 1241 2839 Si
1261 2760 1371 2836 autern
1393 2766 1472 2832 filios

230 2901 295 2946 uon
318 2878 478 2962 habuerit,
502 2877 560 2944 sed
581 2878 676 2962 filias,
700 2889 778 2944 tunc
799 2877 926 2944 filiabus
951 2897 1063 2942 omnes
1073 2873 1271 2941 hereditates
1292 2883 1328 2938 et
1348 2891 1468 2959 posses·

225 2984 332 3050 sionna
354 2981 470 3048 cedent
491 2992 655 3070 paternae.
687 2984 730 3049 Et
761 2984 790 3048 si
819 2981 935 3048 iratres
964 2979 1127 3067 patrneles
1157 2978 1246 3066 ipsas
1279 2975 1469 3044 hereditates

226 3089 374 3155 obtinere
397 3085 571 3172 voluerint,
601 3096 679 3154 tunc
699 3085 819 3154 milites
837 3088 936 3174 juxta
957 3085 1188 3152 conscientiam
1219 3085 1363 3169 ipsorum
1383 3101 1468 3167 prae·

227 3194 330 3259 dictas
353 3189 549 3256 hereditates
579 3191 748 3278 taxabant,
778 3179 811 3256 et
840 3213 861 3256 a
883 3190 935 3256 die
956 3190 1131 3257 taxationis
1159 3189 1228 3276 jam
1259 3187 1337 3252 dicti
1358 3185 1468 3250 fratres

226 3294 390 3386 patrueles
413 3296 579 3360 sororibus
601 3295 686 3361 intre
707 3317 836 3373 annum,
865 3305 979 3384 parata
999 3295 1147 3382 pecunia,
1183 3291 1362 3358 secundum
1383 3287 1468 3374 quod

228 3401 351 3468 ternint
374 3409 515 3484 taxatae,
537 3399 724 3488 persolvere
746 3397 960 3482 tenebuntur3
996 3409 1029 3464 et
1050 3401 1078 3462 si
1101 3400 1134 3464 in
1157 3397 1261 3486 spatio
1283 3395 1378 3460 unius
1405 3413 1466 3456 ann

227 3505 339 3574 olvsie
361 3506 577 3592 neglexerint,
600 3515 684 3570 tunc
708 3503 795 3570 filias
816 3501 1016 3570 hereditates
1037 3500 1240 3570 obtinebunt.
