3082 5128
474 421 599 474 xxxm
618 419 721 476 sana
738 419 906 477 worma
923 419 945 472 1.
1257 407 1330 480 537

86 611 171 678 bant
192 609 437 701 pertractandas
460 621 493 678 ct
515 610 644 678 demum
667 621 741 699 post
761 611 944 698 prandium,
977 610 1094 697 repleti
1116 619 1149 676 et
1164 608 1331 695 inebriati,

85 724 224 804 propter
257 715 346 804 qnod
376 715 535 804 judicium
569 717 664 804 parvi
692 715 854 806 penditur,
889 739 964 782 nam
999 714 1136 782 debilior
1167 715 1331 804 (faciliter)

85 822 285 910 opprimitur
317 829 350 888 et
389 819 433 886 ad
455 822 624 889 veritatem
655 843 775 908 parvus
806 829 839 887 et
867 819 975 888 nullus
1004 819 1141 888 babetur
1171 842 1331 887 accessus.

84 923 215 1014 Itaque,
249 931 286 992 ut
308 927 403 992 certis
426 924 629 1016 temporibus
652 926 721 992 sive
743 925 832 992 horis
865 934 898 991 et
919 947 992 991 cum
1015 923 1127 991 debita
1145 925 1243 991 animi
1267 924 1331 990 dis·

84 1032 235 1098 cretione
260 1029 387 1122 judicic
408 1032 473 1098 sint
495 1029 644 1098 ammodo
670 1027 815 1118 judicem
837 1052 896 1118 per
918 1027 1096 1118 quemlibet
1118 1028 1331 1096 discutienda.

245 1241 384 1308 Jotteta
405 1265 427 1308 c
447 1263 539 1307 mane
562 1263 658 1328 aequae
680 1241 724 1306 ad
745 1240 907 1308 nteridiem
923 1251 1167 1329 pertractentur.

178 1427 230 1492 14.
268 1424 445 1494 statuimus
475 1425 645 1516 deinceps:
669 1425 765 1509 Quod
788 1425 929 1515 judices,
965 1425 1079 1492 diebus
1112 1427 1322 1493 terminorum

86 1555 107 1598 a
124 1554 222 1598 mane
244 1555 349 1622 usqne
374 1533 415 1599 ad
437 1531 551 1600 boram
573 1555 702 1616 nonam,
726 1533 795 1597 sive
817 1529 859 1599 ad
874 1531 1051 1616 meridiem,
1075 1530 1323 1620 inquibuslibet

85 1635 231 1703 debeant
259 1638 444 1725 praesidere
479 1647 511 1703 et
541 1659 655 1704 causas
687 1635 856 1705 discutere.
900 1635 944 1702 Et
976 1638 1003 1702 si
1038 1637 1142 1724 primo
1173 1635 1225 1702 die
1258 1645 1324 1702 ter-

83 1741 250 1808 minorum
273 1741 314 1808 ad
337 1741 450 1809 boram
483 1740 631 1808 meridiei
661 1764 783 1810 omnes
793 1741 990 1864 litigantes
980 1763 1012 1806 m
1036 1743 1142 1808 causis
1166 1751 1198 1807 et
1220 1739 1329 1806 litibus

85 1847 232 1934 ipsorum
264 1869 329 1914 nou
359 1847 500 1935 poterint
534 1843 691 1935 expediri,
726 1815 883 1929 vehimus,
918 1843 1006 1934 quod
1037 1845 1161 1934 absque
1195 1845 1331 1933 alicujus

86 1973 210 2018 causae
232 1951 420 2034 offensione,
443 1950 558 2018 diebus
581 1952 738 2039 proximis
761 1950 981 2040 sequentibus,
1004 1950 1217 2040 praesidendo
1241 1950 1330 2016 dum

84 2065 180 2122 taxat
208 2055 253 2123 ad
282 2055 393 2122 boram
426 2056 636 2144 praedictam,
668 2078 779 2124 omnes
814 2065 847 2122 et
873 2055 992 2144 singuli
1026 2056 1189 2143 litigantes
1222 2055 1331 2122 debito

86 2159 200 2246 modo,
231 2160 409 2228 secundum
432 2161 578 2228 ordinem
608 2160 859 2248 infrascriptum,
890 2159 1112 2248 expediantur,
1137 2169 1169 2227 et
1190 2170 1226 2227 ut
1247 2161 1331 2227 faci-

84 2263 150 2332 lius
173 2273 207 2332 et
236 2265 307 2334 sinc
328 2266 463 2354 strepitu
486 2287 655 2334 musarum
679 2265 844 2354 expeditio
867 2267 960 2332 citius
982 2264 1149 2334 habeatur.

144 2477 261 2553 Quatta
282 2479 358 2544 ordo
380 2476 492 2544 datam
506 2478 584 2566 fore
606 2481 642 2546 io
663 2477 825 2544 coactione
842 2499 1053 2564 personantes
1075 2477 1279 2564 litigantium.

156 2661 232 2751 Ι15.
266 2661 460 2728 Statuimus:
493 2659 591 2743 Quod
620 2661 663 2726 ad
690 2660 796 2726 locum
827 2660 1019 2736 audientiae,
1041 2661 1075 2724 in
1108 2681 1172 2748 quo
1201 2659 1330 2746 judices

83 2765 331 2852 praesidebunt,
363 2787 427 2832 non
460 2765 636 2832 secundum
667 2765 784 2831 merita
811 2786 1032 2852 personarum,
1063 2787 1123 2829 nec
1153 2762 1329 2830 secundum

82 2871 302 2958 majoritatem
334 2868 387 2937 vel
415 2871 635 2936 minoritatem
665 2891 845 2952 causarum,
882 2869 940 2934 sed
973 2868 1148 2934 secundum
1184 2867 1328 2932 ordinem

83 2973 293 3062 litigantium,
316 2974 540 3042 tantummodo
563 2984 653 3041 actor
667 2984 698 3041 et
712 2995 787 3040 reus
810 2975 916 3038 vocati
940 2972 1142 3056 accedentes,
1165 2995 1224 3060 per
1242 2970 1329 3058 judi·

84 3101 141 3146 ces
178 3077 351 3146 audiantur
385 3089 417 3146 et
450 3079 675 3168 expediantur.
721 3077 877 3146 Ordinem
907 3079 940 3142 in
974 3075 1121 3142 vocando
1150 3077 1237 3164 ipsos
1261 3075 1331 3140 liti-

81 3193 202 3270 gantes
225 3183 267 3250 ed
290 3184 504 3274 praesentiam
528 3185 672 3272 ipsorum
688 3182 848 3271 judicum,
883 3181 1035 3248 duximus
1064 3179 1329 3247 describendum:

83 3287 184 3370 Quod
208 3289 355 3378 scriptor,
390 3287 451 3354 sub
480 3311 585 3376 poena
615 3288 806 3375 privationis
839 3288 888 3352 sui
921 3285 1031 3368 officii,
1063 3307 1231 3352 causarum
1265 3307 1329 3351 non

80 3391 190 3476 aliter,
215 3415 311 3480 quam
336 3392 514 3460 secundum
538 3392 683 3458 ordinem
706 3391 904 3469 citationum,
926 3387 1091 3475 litigantes
1113 3413 1173 3479 per
1188 3389 1327 3456 miniate-

81 3495 184 3564 rialea
207 3496 354 3564 vocando
378 3495 599 3584 pronuntiabit
620 3493 673 3560 vel
696 3494 892 3578 nominabit;
917 3495 971 3578 ita,
994 3493 1082 3580 quod
1104 3493 1161 3580 qui
1182 3493 1271 3582 prius
1288 3491 1330 3559 ad

82 3623 219 3668 causam
249 3609 518 3689 provocaverunt,
555 3600 644 3688 prius
674 3601 880 3666 nominentur
909 3608 942 3663 et
972 3597 1196 3686 expediantur,
1228 3606 1260 3663 et
1282 3599 1330 3665 sic

82 3705 251 3810 deinceps,
273 3703 427 3770 videlicet
448 3727 503 3792 qur
495 3703 663 3770 'secundo
686 3703 757 3770 loco
773 3701 931 3792 usquead
946 3715 1108 3768 extremos
1123 3702 1326 3791 procedatur.

85 3809 234 3892 Quod
208 3832 236 3875 ιι
258 3808 362 3876 altera
382 3809 522 3895 partium
544 3807 745 3895 negligenter
779 3809 848 3874 sive
871 3809 985 3895 quovis
1009 3828 1087 3872 casu
1109 3807 1237 3872 fuerit'
1227 3829 1329 3896 impc-

83 3913 165 3998 dita,
188 3924 221 3980 ct
242 3913 346 3979 tribus
369 3913 495 3979 vicibus
517 3923 652 3978 evocem
686 3935 720 3976 se
742 3909 1001 3998 praesidentibus
1034 3933 1098 3976 non
1122 3911 1325 3977 exhibuerit.

85 4042 162 4088 mox
183 4039 260 4107 pars
282 4017 431 4100 adversa,
453 4039 537 4106 quae
558 4015 656 4082 fuerit
677 4037 840 4103 praesens,
864 4015 903 4082 de
926 4015 1090 4081 audientia
1112 4025 1327 4098 removeatur,

83 4121 196 4190 etalii
219 4120 414 4208 litingantes,
446 4119 588 4187 secundo
611 4118 683 4186 loco
705 4119 861 4206 inscripti,
895 4119 1099 4185 nominentur
1122 4129 1153 4185 et
1175 4119 1217 4184 ad
1240 4119 1328 4183 audi-

86 4228 208 4294 entiam
231 4233 417 4293 evocentur.
440 4225 484 4290 Et
499 4223 707 4290 nihilominus
731 4245 813 4311 quae
830 4247 906 4311 para
928 4223 1024 4289 fuerit
1046 4221 1163 4290 absens
1180 4235 1212 4287 et
1226 4221 1328 4288 tribus

82 4329 212 4398 vicibus
235 4339 371 4396 evocata
391 4351 506 4419 parere
525 4351 590 4395 non
602 4327 779 4393 curaverit:
803 4339 922 4394 extunc
937 4327 1175 4394 condemnetur.
1199 4327 1231 4392 si
1255 4327 1327 4416 quis

83 4444 194 4502 autem
216 4456 255 4499 eo
277 4444 431 4521 tempore,
455 4454 519 4520 quo
537 4431 666 4519 judices
681 4431 878 4520 praesident,
901 4433 942 4499 ad
965 4431 1080 4511 locum,
1103 4435 1136 4497 in
1151 4454 1214 4520 qno
1236 4453 1326 4519 prae-

84 4539 193 4608 sidere
215 4539 328 4615 sciant,
350 4537 626 4628 praeterquamad
639 4535 813 4624 petendum
825 4539 1019 4622 citationem,
1042 4537 1096 4602 vel
1118 4536 1159 4603 de
1182 4537 1326 4623 ipsorum

172 4663 246 4717 Slov.
266 4663 384 4726 zatony.
1069 4645 1116 4716 68
