3082 5128
234 403 307 475 556
615 417 735 472 xxxm.
754 417 859 473 susus
877 419 1047 474 warrenna
1064 419 1086 474 1.

231 631 286 674 sus
309 607 462 674 damnum
495 606 677 695 depellendi
705 609 823 676 habeut
845 609 1046 695 facultatem
1076 612 1122 676 ita
1144 619 1262 695 umen,
1285 607 1378 697 quod
1418 609 1483 676 sub

232 713 414 778 testimonio
445 713 636 798 vicinorum,
669 714 704 780 in
725 717 858 803 propria
885 715 980 782 domo
1004 717 1160 804 jumentis
1191 717 1260 781 sive
1289 713 1482 801 pecudibus

229 814 281 881 vel
307 816 480 904 pecoribus
509 826 721 904 pernoctem
751 821 897 904 ematis,
932 819 965 886 in
995 824 1136 886 crastino
1164 817 1207 885 ad
1235 819 1480 905 proximiorem

228 924 352 988 curiam
374 920 541 988 castellani
557 921 706 1010 jumenta
727 923 781 990 vel
799 947 917 1013 pecora
939 925 1105 1014 praedicta
1126 923 1287 1015 depellere
1309 932 1479 990 teneatur.

227 1062 277 1126 De
306 1061 363 1128 illo
393 1063 449 1150 qul
478 1064 546 1150 opit
568 1065 646 1149 jure
680 1065 863 1130 theutonico
892 1074 1002 1130 curura
1031 1064 1167 1152 aliquem
1200 1087 1296 1148 reuss,
1331 1075 1362 1129 et
1400 1087 1477 1128 raus

572 1167 677 1234 eodem
698 1191 762 1233 ooo
784 1179 905 1235 tenetur
925 1169 1119 1258 respondere.
1247 1216 1250 1224 ·

312 1298 364 1365 66.
388 1297 497 1379 Quum
519 1307 608 1365 actor
630 1299 735 1366 forum
756 1301 806 1366 rei
821 1301 962 1388 undique
984 1301 1076 1389 sequi
1098 1299 1223 1386 debeat,
1245 1299 1416 1378 volumus,
1438 1307 1477 1364 ut

231 1406 260 1470 si
281 1401 396 1490 aliquis
429 1403 463 1468 in
493 1401 616 1490 judicio
634 1404 719 1492 juris
742 1403 946 1473 Thautunico
975 1415 1087 1472 contra
1112 1427 1201 1470 reum
1236 1425 1326 1470 snam
1348 1402 1479 1489 dirigat

223 1509 383 1575 actionem
412 1515 468 1573 aut
498 1517 675 1595 proponat,
710 1518 822 1576 conus
852 1510 989 1576 eundem
1016 1525 1091 1575 reus
1123 1508 1242 1574 ibidem
1274 1529 1373 1596 super
1408 1508 1477 1573 alia

224 1613 410 1701 quaestione
444 1611 551 1695 simili,
595 1609 649 1678 vel
682 1612 715 1677 in
752 1611 888 1700 aequali,
920 1615 1130 1680 reconvenire
1158 1635 1225 1678 non
1249 1611 1379 1700 poterit,
1415 1611 1475 1676 sed

224 1739 331 1784 coram
350 1713 463 1805 judice
486 1739 576 1783 snum
600 1715 688 1782 litem
711 1725 766 1782 sut
787 1737 919 1784 causam
941 1717 1134 1806 competenti
1156 1716 1300 1804 agitabit.

334 1857 384 1920 Do
406 1856 615 1922 incendiariis
637 1866 667 1922 ot
688 1859 886 1923 coactoribus
908 1856 1070 1922 doosorurn
1092 1880 1130 1921 ae
1152 1857 1340 1922 horreorum.

308 1986 360 2054 et.
393 1985 447 2051 Ex
470 1985 542 2074 lege
564 1986 724 2075 imperiali
747 1986 836 2053 clara
864 1986 936 2053 luce
958 1987 1052 2054 nobie
1075 1995 1210 2072 constat,
1242 1983 1328 2074 quod
1349 1985 1469 2050 incen-

224 2093 317 2158 diarii
340 2101 396 2158 aut
419 2100 587 2158 exustores
618 2091 785 2158 domorum
815 2101 871 2158 aut
892 2090 1078 2158 horreorum
1110 2100 1167 2158 ant
1188 2110 1470 2179 quorumcumque

223 2195 380 2264 bonorum
401 2195 585 2281 voluntarii,
609 2205 711 2263 morte
733 2195 856 2262 crudeli
878 2205 910 2262 ct
932 2197 1117 2284 turpissima
1130 2197 1319 2283 puniantur3
1341 2192 1469 2280 quibus

221 2302 316 2366 etiam
328 2301 477 2386 inventis,
490 2301 518 2366 si
530 2299 572 2367 ad
587 2300 756 2368 eeclesiam
773 2299 952 2386 effugerint,
966 2300 1179 2388 patrocinium
1193 2321 1235 2366 ex
1251 2298 1312 2364 hoc
1332 2295 1466 2364 nullum

221 2404 360 2471 debeant
382 2403 536 2490 obtinere,
559 2413 690 2492 propter
712 2404 854 2469 criminis
877 2403 1020 2471 damnati
1053 2405 1229 2470 saevitiem.
1273 2401 1466 2468 Consueve-

218 2519 293 2576 rsmt
314 2515 425 2575 autem
449 2509 529 2574 teies
552 2531 673 2592 omnes,
703 2516 739 2573 ut
762 2508 915 2595 effugiant
932 2509 1080 2596 justitiae
1101 2510 1190 2596 ipsos
1211 2509 1325 2596 punire
1346 2505 1466 2572 volen-

218 2613 309 2699 tium,
333 2611 572 2701 utplurimum,
596 2613 631 2678 in
648 2611 831 2701 civitatibus
853 2610 908 2680 vel
929 2611 1015 2680 villis
1038 2611 1309 2678 Thautnnicorum
1332 2633 1463 2698 perma-

217 2740 305 2802 nere,
329 2726 365 2784 ut
385 2719 544 2783 actionem
568 2725 680 2783 contra
701 2739 756 2783 eos
779 2717 976 2805 propositam
997 2714 1130 2782 eludant
1149 2716 1305 2804 perjuris
1327 2713 1462 2780 mantu-

221 2823 288 2888 nici
326 2821 563 2908 defensionem
606 2831 638 2887 et
673 2821 721 2887 sic
758 2823 885 2909 saepius
918 2820 1138 2887 maleficorum
1171 2817 1283 2886 talium
1315 2819 1460 2885 crimina

221 2934 354 2992 manent
363 2927 531 3015 impunita.
555 2923 661 3008 Unde,
682 2925 723 2992 de
734 2935 916 2992 nostrorum
936 2924 1091 2992 baronum
1103 2924 1247 3007 consilio,
1267 2924 1460 2988 statuimus:

218 3030 264 3097 Ut
288 3031 431 3096 accusati
459 3032 500 3097 de
522 3029 679 3096 incendiis
703 3031 772 3096 sive
794 3029 1028 3114 exustionibus,
1052 3031 1150 3096 etism
1172 3029 1297 3095 inventi
1317 3029 1352 3092 in
1375 3030 1458 3093 civi·

220 3134 340 3202 tatibus
352 3143 408 3201 aut
418 3134 506 3201 villis
520 3133 801 3218 theutunicalibus,
824 3145 918 3201 extra
939 3135 1198 3222 forumipsorum
1221 3132 1401 3212 trahantur,
1426 3145 1459 3198 at

218 3240 252 3304 in
270 3239 346 3326 jure
366 3238 524 3327 polonico,
549 3261 657 3307 coram
669 3238 780 3327 judice
803 3241 1007 3327 competenti,
1031 3238 1226 3304 tenebuntur
1246 3237 1456 3324 respondere,

216 3343 401 3410 sententisri
423 3353 456 3410 et
476 3344 584 3432 puniri
604 3365 711 3431 poena
733 3343 832 3430 digna
853 3341 1026 3428 debebunt,
1052 3343 1151 3431 juxta
1172 3341 1367 3429 exigentiam
1392 3341 1456 3406 cri·

215 3449 310 3515 minis
328 3458 361 3513 et
382 3451 452 3538 ejus
474 3447 697 3536 probationem
719 3467 903 3535 congruam.

291 3589 341 3653 Dc
362 3587 567 3676 defloratione
587 3589 746 3676 virgiuum
768 3597 798 3652 et
818 3597 928 3674 stupro
951 3597 979 3652 et
997 3585 1175 3675 pollutione
1196 3584 1371 3650 malus-um.

299 3719 351 3785 68.
386 3717 521 3800 Revera,
554 3740 618 3784 non
650 3717 752 3784 solum
786 3741 806 3784 a
834 3717 930 3801 malo,
967 3717 1026 3783 sed
1051 3718 1094 3785 ab
1125 3720 1212 3784 omni
1243 3718 1350 3804 specie
1371 3713 1451 3781 mali

214 3821 391 3908 quemlibet
411 3825 576 3890 viventem
599 3821 659 3888 sub
681 3821 754 3909 lege
775 3823 992 3888 necessarium
1016 3831 1066 3888 est
1086 3822 1259 3900 abstinere,
1282 3843 1448 3909 perquam

191 3917 392 3993 ‘refrenetur
421 3926 578 3993 malorum
607 3925 743 3993 audacia
773 3935 805 3994 et
825 3934 862 3992 ut
877 3927 1039 4014 justorum
1072 3927 1256 3992 innocentia
1277 3933 1347 3990 tuta
1367 3944 1449 3988 eon-

213 4032 313 4098 sistat.
337 4029 422 4098 Sane
435 4031 565 4118 quidam
581 4031 622 4096 ad
635 4029 819 4096 foeditatem
843 4053 959 4118 corpus
982 4053 1084 4115 suum,
1107 4039 1142 4095 ut
1165 4027 1348 4119 plurimum,
1369 4049 1447 4114 pro·

212 4135 375 4202 trabentes
396 4145 429 4202 et
450 4135 604 4204 lascivam
620 4137 720 4201 vitam
737 4134 928 4218 deferentes,
951 4135 1094 4220 virgines
1117 4143 1273 4223 stupraut,
1296 4129 1448 4198 mulieres

209 4239 359 4326 polluunt
389 4240 565 4327 violenter;
612 4249 645 4305 et
674 4262 772 4328 quum
803 4239 969 4327 impetitur
998 4251 1166 4326 peccatum
1193 4238 1235 4305 ab
1265 4239 1312 4302 eis
1341 4237 1375 4301 in
1398 4259 1446 4300 re·

209 4345 304 4428 ocuti,
322 4346 397 4431 jure
425 4343 610 4411 theutonico
639 4343 752 4412 volunt
774 4367 809 4407 se
830 4343 922 4426 tueri,
946 4353 981 4408 ut
1002 4344 1129 4431 saepius
1159 4351 1191 4408 et
1212 4341 1338 4408 facilius
1360 4361 1444 4405 com-

210 4449 299 4512 missi
333 4449 476 4514 criminis
507 4457 634 4515 auctam
669 4448 800 4514 eludant
838 4451 1007 4514 actionem.
1051 4448 1165 4516 Visum
1199 4447 1307 4512 extitit
1350 4445 1443 4510 nobis

209 4553 390 4636 nostrisque
429 4551 613 4634 baronibus,
650 4554 684 4617 in
724 4551 883 4638 colloquio
920 4553 1063 4638 generali
1101 4552 1324 4635 existentibus,
1357 4549 1442 4637 quod
