3082 5128
228 455 302 530 590
642 465 752 521 XXXV.
772 467 878 520 Statuta
895 469 1054 522 Wartensia.

225 661 344 725 tutoriu
368 657 552 742 observare,
585 659 616 722 in
640 656 726 723 bunc
753 658 860 742 finem,
884 656 970 744 quod
993 658 1080 744 ipsas
1103 657 1361 744 quibuscumque
1393 679 1466 722 con·

226 763 402 830 ditionibus
428 765 498 828 sive
524 764 627 851 pactis
659 762 699 828 de
730 761 962 828 hereditatibus
994 761 1180 844 excludant,
1214 761 1362 826 volentes
1385 761 1466 848 ipsis

223 869 404 956 pecuniam,
428 890 526 955 quum
539 859 740 950 maritantur,
753 866 928 952 assignare.
962 865 1089 948 Quibus
1103 866 1143 932 de
1157 865 1328 931 clementia
1351 873 1462 930 nostra

224 970 561 1060 providerevolentes,
585 971 739 1058 deinceps
762 972 952 1036 statuimus:
978 968 1073 1052 Quod
1097 971 1124 1036 si
1147 971 1254 1036 mariti
1277 992 1400 1052 earum,
1417 991 1463 1035 re-

227 1078 330 1168 ceptis
355 1077 463 1144 taliter
494 1077 640 1163 pecuniis
663 1099 683 1142 a
705 1075 865 1162 proximis
889 1075 1002 1140 amicis
1026 1083 1083 1140 aut
1105 1075 1278 1160 tutoribus,
1303 1097 1346 1141 ex
1368 1085 1463 1162 pacto

226 1183 267 1248 de
290 1205 354 1248 uon
377 1182 563 1270 receptione
585 1180 744 1246 bonorum
768 1181 855 1268 ipsas
880 1180 1144 1246 concernentium
1174 1203 1209 1245 se
1232 1179 1462 1246 adstrinxerint

225 1287 513 1377 qualitercumque,
538 1287 607 1352 sive
629 1307 688 1372 per
710 1284 947 1371 fidejussoriam
962 1285 1155 1369 cautionem,
1169 1283 1460 1372 velalioquocmn-

224 1417 287 1482 que
311 1392 406 1458 modo
436 1389 499 1458 tale
529 1399 659 1479 pactum
682 1389 900 1472 intervenerit,
942 1398 998 1454 aut
1019 1386 1137 1476 aliquis
1160 1389 1258 1454 fuerit
1281 1387 1459 1464 adstrictus,

223 1497 304 1564 illud
326 1497 530 1563 decernimus
560 1497 685 1561 irritum
715 1502 748 1558 et
771 1495 883 1578 inaue;
914 1495 993 1580 quin
1015 1494 1181 1581 praefatae
1213 1491 1302 1560 filiae
1331 1491 1461 1558 redeant

224 1602 267 1668 ad
288 1625 398 1670 earum
429 1600 639 1667 hereditarias
662 1602 836 1688 portiones,
864 1621 928 1664 non
953 1597 1155 1665 obstantibus
1179 1601 1283 1686 pactis
1306 1611 1362 1664 aut
1389 1619 1459 1662 cau·

223 1706 365 1795 tionibus
396 1706 664 1793 quibuscumque.
719 1705 820 1772 Pleno
858 1727 936 1772 vero
970 1703 1134 1792 praefatae
1166 1703 1252 1770 filiae
1287 1726 1345 1769 sna
1377 1701 1457 1768 buna

226 1809 398 1894 vendendi,
422 1818 457 1875 ut
478 1818 582 1888 antea,
605 1809 743 1876 liberam
765 1809 908 1876 habeant
930 1807 1126 1876 facultatem.

311 1915 403 1982 VIII.
434 1913 585 1980 Astatiae
608 1923 640 1980 et
662 1912 824 1980 dolositati
844 1935 1072 2001 perversorum
1086 1911 1263 1996 hominum,
1287 1914 1342 1999 qui
1355 1911 1455 1978 omnia

224 2022 257 2086 in
280 2022 372 2108 pejus
403 2029 592 2086 convertere
615 2028 648 2084 et
669 2019 875 2106 interpretari
898 2040 962 2083 nun
985 2016 1171 2103 formidant,
1207 2019 1293 2083 viam
1317 2014 1442 2105 praeclu
1459 2077 1474 2108 0

225 2123 301 2190 dere
324 2125 502 2212 cupientes,
532 2126 588 2211 qui
615 2124 744 2190 nomine
768 2123 885 2188 tutorio
913 2121 1055 2208 aliquam
1086 2121 1140 2188 vel
1161 2121 1300 2208 aliquas,
1325 2145 1367 2188 ox
1383 2121 1452 2210 jure

221 2229 398 2311 affinitatis,
430 2227 562 2316 puellas,
592 2250 666 2294 cum
698 2228 791 2294 bunis
823 2225 1038 2310 hereditariis,
1072 2221 1156 2315 quae
1187 2250 1229 2292 ex
1253 2227 1453 2293 successione
1530 2291 1531 2310 ,

224 2343 357 2419 paterna
369 2331 524 2418 obtinent,
536 2334 607 2420 jam
617 2331 758 2420 puberes
771 2340 803 2397 et
824 2330 952 2398 nubiles
975 2333 1018 2398 ad
1041 2331 1303 2420 desponsandum
1317 2341 1450 2410 servant,

222 2459 277 2503 eas
301 2437 444 2503 maritari
466 2437 612 2504 nolentes
635 2439 668 2503 in
691 2435 777 2504 hunc
799 2437 908 2518 finem,
940 2435 1028 2523 quud
1051 2435 1137 2504 bona
1159 2438 1303 2524 ipsarum
1325 2458 1364 2502 cu
1386 2433 1448 2499 diu·

222 2542 286 2607 tius
320 2540 449 2607 valeant
482 2541 658 2628 possidere,
692 2542 914 2610 decernimus:
956 2540 1054 2622 Quod
1087 2539 1167 2607 tales
1191 2541 1344 2627 virgines,
1379 2540 1455 2604 sicut

222 2645 447 2732 praemittitur,
469 2645 608 2730 adultae,
632 2648 773 2734 poterint
795 2647 883 2712 viros
907 2646 1052 2731 recipere
1090 2647 1160 2710 sine
1184 2644 1331 2732 ejusdem
1353 2645 1451 2732 patrui

222 2747 276 2814 vel
297 2750 411 2814 tutoris
435 2747 600 2817 voluntate
623 2761 654 2816 et
684 2772 854 2832 consensu,
886 2759 994 2816 tanum
1018 2771 1093 2816 cum
1116 2771 1275 2816 consensu
1298 2757 1330 2814 ct
1353 2749 1448 2816 consi-

219 2852 264 2918 lio
287 2849 518 2918 avunculorum
541 2863 574 2920 et
595 2852 733 2920 aliorum
754 2863 941 2940 patruorum
963 2854 1150 2920 amicorum.
1174 2851 1451 2940 Nscpropterlroc

220 2956 315 3022 bonis
345 2957 487 3044 ipsarum
518 2958 640 3043 privari
673 2959 823 3044 poterint,
854 2979 912 3024 seu
938 2956 1093 3042 fraudari,
1127 2969 1259 3046 propter
1281 2955 1451 3043 :quamdam

222 3060 483 3126 constitutionem
517 3062 618 3128 nostri
640 3061 865 3146 antecessoris,
888 3082 972 3149 quae
994 3061 1124 3150 incipit:
1155 3063 1254 3142 ,Item
1275 3062 1451 3128 statuimur:
1528 3063 1529 3114 i

226 3163 420 3252 Quicumque
443 3166 615 3252 virpinem“
640 3163 698 3252 (Il.
722 3165 789 3251 21).

287 3267 369 3334 ἸΧ.
403 3268 619 3356 Praescriptiu
642 3269 791 3355 quamvis
814 3270 1031 3357 possessionis
1054 3270 1123 3336 sive
1136 3268 1326 3338 hereditatis
1347 3269 1379 3332 in
1399 3289 1447 3354 pe·

224 3372 327 3437 cuniis
356 3368 518 3458 obligatae
552 3373 585 3437 in
608 3372 803 3460 quibusdam
827 3375 920 3438 terris
943 3375 1062 3440 nonnis
1085 3373 1127 3439 ad
1149 3373 1337 3462 quindecim
1357 3393 1445 3438 annos

223 3475 424 3556 servabatur,
455 3476 573 3563 quibus
606 3478 786 3560 transactis,
817 3475 941 3564 eadem
958 3479 1118 3565 possessio
1153 3502 1211 3565 per
1244 3487 1442 3545 mutuaturum

223 3581 380 3668 pecrmiao
415 3579 540 3646 solebat
566 3589 721 3667 perpetuo
758 3580 906 3666 obtineri,
946 3583 1054 3648 visum
1077 3581 1138 3648 fuit
1159 3581 1253 3650 nobis
1277 3593 1309 3648 et
1331 3589 1442 3648 nocuae

223 3681 368 3766 militiae,
391 3683 478 3770 quod
502 3682 575 3749 talia
596 3684 705 3750 brevis
719 3686 930 3773 praescriptio
944 3709 1008 3750 nun
1031 3687 1100 3752 sine
1124 3695 1256 3774 peccato
1279 3684 1439 3752 fuitobser·
1526 3741 1527 3748 ,

224 3795 305 3854 vata
351 3786 447 3853 Unde
477 3810 607 3854 exnunc
633 3790 819 3854 statuimus:
852 3789 892 3854 In
914 3790 1067 3876 praefatis
1091 3789 1344 3878 obligationibus
1365 3809 1440 3876 prae·
1526 3775 1527 3780 ἵ

223 3893 429 3979 scriptionem
443 3892 576 3978 triginta
598 3891 667 3958 fore
686 3915 844 3961 annorum
857 3893 1102 3980 observandam,
1127 3895 1245 3983 quibus
1259 3891 1440 3968 durantibus,
1526 3881 1527 3896 ¹

222 3995 382 4082 obligatur
400 3997 519 4084 poterit
539 3995 623 4063 infra
634 3996 825 4064 decennium
837 4005 893 4064 aut
910 3999 1176 4086 quinquennium,
1198 3998 1250 4064 vel
1274 4022 1370 4087 quum
1390 3993 1439 4060 sibi

221 4099 387 4188 placuerit,
412 4121 521 4166 curam
539 4099 665 4189 judicio
688 4102 722 4166 in
744 4101 825 4166 actis
850 4122 942 4168 suum
964 4103 1119 4170 innovare
1141 4103 1378 4190 obligationem.

309 4203 350 4270 X.
385 4202 451 4293 [Ad
478 4201 752 4292 praecludendam
774 4216 882 4271 autem
905 4206 993 4272 viam
1015 4206 1196 4292 calumniis,
1220 4231 1279 4294 per
1302 4230 1359 4274 nos
1378 4223 1439 4292 pro·

223 4309 328 4374 visum
351 4318 416 4373 est:
440 4306 536 4389 Quod
558 4310 587 4373 si
609 4310 682 4394 quis
696 4308 793 4374 vellet
811 4311 995 4396 quempiam
1011 4333 1068 4398 pru
1090 4311 1268 4378 hereditate
1290 4312 1442 4399 impetere,

221 4435 369 4479 asserens
382 4435 453 4478 eam
466 4411 684 4499 possidentem
706 4413 739 4476 in
759 4411 956 4500 obligatione
975 4423 1086 4482 tencre
1109 4424 1140 4480 et
1162 4413 1341 4503 possidere,
1357 4432 1439 4502 quan

224 4517 369 4580 fortassis
380 4515 525 4602 legitime
540 4515 694 4602 possidet,
707 4539 876 4603 possessor
897 4519 939 4584 ad
962 4519 1185 4605 probationem
1196 4519 1337 4604 testium,
1352 4525 1443 4584 actoru

223 4617 362 4704 repulso,
384 4618 588 4696 adrnittatur3
613 4621 808 4706 etmaxime,
833 4623 888 4688 ubi
911 4632 1048 4709 utraque
1071 4645 1145 4710 pars
1165 4621 1304 4690 litoralia
1326 4631 1357 4690 et
1378 4619 1442 4706 legi·
