3070 5118
738 1582 969 1663 XXVII.

236 1759 585 1895 Privilegium
620 1759 1072 2020 Theoutffliifi'gm
1103 1755 1471 1891 Pragensium.

755 1950 798 2019 o.
977 1991 990 2018 .

322 2183 352 2249 1.
375 2181 446 2269 Ego
462 2179 636 2264 Sebinnus,
661 2181 729 2248 dux
752 2181 956 2262 Boemorum,
976 2191 1089 2247 notum
1110 2179 1192 2247 facio
1209 2179 1362 2248 omnibus
1379 2205 1468 2272 pree·

237 2285 380 2353 sentibus
403 2297 435 2354 et
450 2285 575 2368 futuris,
598 2284 685 2373 quod
699 2285 882 2373 ingratiam
904 2306 1008 2350 meam
1032 2294 1064 2352 et
1086 2283 1308 2352 defensionem
1329 2288 1466 2374 suscipio

236 2390 461 2474 Thentoniooe‚
492 2391 547 2478 qui
578 2399 707 2456 manent
734 2390 768 2455 in
798 2388 952 2456 euburbio
984 2387 1149 2474 Pagonii,
1184 2398 1216 2454 et
1245 2387 1357 2478 pleoet
1386 2391 1469 2473 mihi,

235 2494 331 2582 qnod,
354 2494 439 2561 eiout
465 2494 563 2560 iidem
585 2493 777 2562 Theutonioi
805 2501 880 2586 eunt
901 2517 921 2560 a
942 2493 1073 2559 Boemie
1103 2494 1231 2560 notione
1261 2493 1398 2580 diverei,
1428 2497 1468 2560 eie

235 2600 332 2666 etiem
353 2622 374 2666 e
394 2597 525 2666 Boemie
548 2620 722 2686 eorumque
744 2596 817 2684 lege
839 2607 872 2662 et
893 2597 1126 2664 consuetudine
1147 2599 1212 2664 eint
1234 2598 1342 2666 divini.

320 2704 351 2770 2.
375 2702 527 2770 Concedo
549 2707 656 2791 itaque
671 2703 793 2769 eisdem
804 2701 1013 2769 Theutonieie
1029 2705 1141 2769 rivere
1163 2702 1342 2770 seeundum
1367 2703 1466 2791 legem

234 2816 267 2874 et
282 2807 443 2895 justitiam
455 2806 735 2893 Theutonieorum,
759 2829 856 2894 quem
877 2804 1186 2896 habentatempore
1208 2807 1262 2874 evi
1284 2810 1361 2894 mei,
1386 2809 1467 2894 regie

233 2909 396 2980 Wraenlei
419 2909 632 3002 (Wreoinlei).

319 3015 350 3081 3.
373 3015 563 3101 Plebenum,
587 3039 683 3106 quem
700 3019 763 3106 ipei
778 3020 915 3087 libenter
931 3018 1089 3104 eligerint,
1112 3015 1336 3083 edeooleeiom
1358 3039 1466 3083 eornm

234 3119 385 3204 concedo,
416 3131 449 3186 et
465 3121 608 3209 judicem
631 3121 787 3209 similiter,
822 3134 855 3191 et
877 3125 1046 3212 episeopus
1068 3121 1215 3209 petitioni
1245 3143 1357 3187 eorum
1382 3119 1465 3188 nullo

233 3224 329 3293 modo
352 3224 562 3292 oontredicot.

318 3330 349 3395 4.
372 3329 502 3396 Debent
517 3331 629 3419 jurare
652 3341 777 3422 neptem
799 3330 947 3398 manibus
970 3353 1028 3420 pro
1051 3330 1136 3397 furto
1158 3329 1211 3397 rel
1234 3353 1292 3419 pro
1310 3352 1358 3416 eo,
1384 3329 1466 3420 qnod

235 3432 354 3498 dicitur
375 3432 573 3502 nadvore.

272 3624 274 3632 ἲ
319 3537 351 3604 ὃ.
373 3536 428 3604 Ad
449 3537 570 3605 nullam
594 3539 832 3628 expeditionem
854 3562 990 3628 pergere
1012 3537 1140 3624 debent,
1174 3539 1238 3606 niei
1260 3539 1302 3605 eit
1322 3561 1464 3628 pugnen-

234 3640 311 3707 dum
333 3663 391 3729 pro
413 3647 526 3730 petrin

319 3747 348 3814 6.
379 3745 413 3812 Si
437 3747 504 3813 dux
526 3757 575 3814 eet
607 3757 701 3815 extro
721 3749 910 3816 Bohemiom
939 3751 973 3814 in
996 3739 1213 3837 expeditione,
1243 3757 1321 3814 tune
1351 3746 1467 3814 debent

232 3848 423 3916 Theutonioi
444 3852 582 3938 Prognm
612 3853 773 3920 custodire
799 3852 886 3920 oiroo
915 3851 1093 3941 quemlibet
1121 3851 1252 3924 valvam
1282 3873 1355 3918 enm
1385 3853 1465 3919 duo·

233 3952 339 4020 decim
361 3955 469 4024 scotie.

319 4057 349 4126 7.
372 4057 424 4123 De
446 4059 618 4128 homicidio
637 4059 786 4149 judicare
807 4063 946 4148 pertinet
960 4062 1001 4127 ed
1013 4061 1204 4149 prinoipem,
1227 4083 1285 4149 pro
1298 4083 1374 4149 qno,
1398 4061 1464 4129 orii.

232 4161 417 4248 homicidio,
448 4162 614 4231 eolventur
638 4167 777 4254 prinoipi
799 4163 910 4232 decem
940 4165 1061 4232 talenta
1089 4163 1295 4232 denariorum
1321 4165 1466 4233 Retiebo-

232 4268 342 4332 neneie
364 4277 519 4354 monetae,
542 4268 596 4335 vel
619 4268 736 4336 dextre
754 4293 851 4336 manu
874 4269 1099 4356 interfectorie,
1122 4269 1175 4336 vel
1199 4270 1379 4338 eeonndum
1402 4294 1466 4358 grn-

236 4372 315 4437 tinm
337 4371 510 4442 ordinetur.
1003 4367 1005 4374 ’

318 4475 348 4543 8.
372 4475 437 4558 Qui
450 4499 562 4565 paoem
577 4479 661 4545 inter
684 4501 738 4546 eos
755 4479 899 4566 fregerit,
923 4479 1035 4547 decem
1056 4480 1178 4548 talenta
1197 4481 1341 4571 principi
1359 4482 1462 4566 nolent,

234 4582 290 4666 qui
312 4602 387 4645 reue
409 4591 469 4647 eet.
