3082 5128
236 449 312 524 594
653 461 764 518 XXXV,
783 458 888 514 Statuta
907 459 1066 514 Wsrtensia

231 653 296 720 illis
319 650 491 730 nobilibus,
525 645 581 739 qui
604 651 645 717 ad
668 649 893 739 expeditiones
916 649 1063 716 seruiunt
1085 657 1117 714 ot
1135 647 1203 732 juri
1223 645 1370 712 terrestri
1395 643 1470 708 snb-

232 769 325 845 sunt;
349 779 413 826 non
435 767 544 828 autem
566 758 607 824 de
627 757 704 842 illis,
728 759 784 844 qui
807 759 841 824 in
862 755 1050 824 eivitetibus
1062 752 1252 828 residentes,
1275 751 1472 817 cerevisiam

229 865 409 957 propinant,
433 864 581 932 eutforte
604 873 679 930 sunt
700 865 785 949 vagi,
810 861 889 929 nibil
912 863 945 926 in
970 870 1055 926 terra
1070 859 1245 944 babentss;
1269 877 1370 944 quum
1385 853 1470 918 tales

235 978 407 1036 teneantur
430 993 464 1036 se
487 991 680 1056 expurgare.

315 1076 427 1144 XXll.
461 1075 548 1157 Quia
559 1074 690 1144 libertas
702 1071 744 1140 ad
758 1073 820 1138 hoo
831 1095 890 1159 per
904 1073 1065 1160 sapientes
1089 1079 1139 1136 est
1160 1070 1301 1150 inventa,
1314 1075 1351 1132 ut
1362 1064 1469 1132 silvae

231 1192 262 1248 et
285 1203 426 1263 nemora,
458 1180 515 1249 ubi
543 1177 867 1246 modiese'utilitates
890 1177 1095 1264 preveniunt,
1127 1175 1348 1261 exstirpentur
1370 1179 1404 1236 et
1426 1167 1468 1236 ad

229 1285 400 1372 ampliores
435 1285 589 1354 utilitates
624 1283 834 1350 retineantur:
865 1281 961 1364 unde,
1001 1281 1029 1346 si
1062 1280 1173 1346 kmeto
1212 1281 1246 1345 in
1279 1276 1371 1358 silva,
1412 1273 1468 1338 nbi

230 1392 307 1460 villa
328 1391 428 1458 looari
441 1389 566 1473 dcbeet,
590 1388 773 1455 libertatem
795 1385 987 1474 acceptabit
1009 1405 1074 1450 non
1096 1385 1215 1471 poterit
1236 1384 1277 1449 de
1300 1403 1358 1447 sno
1383 1399 1474 1462 agro,

229 1498 291 1563 nisi
313 1496 406 1564 illum
422 1497 661 1583 exstirpaverit,
686 1515 720 1558 se
744 1513 885 1558 movere.
919 1489 992 1569 Quo
1015 1489 1203 1574 exstirpato,
1217 1487 1323 1553 faeere
1339 1490 1469 1575 poterit,

227 1601 406 1668 secundum
429 1600 516 1688 quod
532 1601 589 1688 jus
612 1606 764 1665 terrestre
786 1593 840 1662 vel
861 1593 949 1660 illius
980 1592 1167 1660 hereditatis
1191 1593 1333 1680 exquirit
1355 1602 1387 1658 et
1411 1615 1465 1656 ex·

231 1706 336 1792 poscit
359 1706 446 1772 circe
468 1726 559 1772 soem
581 1704 795 1770 vocationem.
1535 1747 1536 1752 1

313 1810 443 1878 XXIII.
453 1811 677 1892 Quumautem
686 1807 839 1873 scultetus
848 1805 1021 1872 autkmeto
1031 1803 1071 1870 rie
1083 1826 1162 1889 agro
1172 1807 1302 1892 proprio
1310 1825 1368 1870 seu
1377 1806 1470 1871 here·
1535 1821 1536 1858 l

229 1915 330 1982 ditato
351 1937 410 1982 sua
431 1913 555 2001 absque
576 1912 672 2001 culpa
702 1911 823 1977 domiui
852 1911 981 1996 fugerit,
1005 1908 1078 1975 talis
1108 1910 1265 1998 profugus
1288 1910 1385 1977 debet
1414 1935 1471 2000 per

229 2019 395 2088 dominum
431 2019 464 2084 in
494 2017 619 2105 judicio
657 2017 771 2103 majori
801 2015 935 2082 bannito
965 2023 1022 2098 ter,
1053 2024 1086 2081 et
1123 2037 1166 2081 ex
1196 2016 1472 2104 superabundanti

230 2133 354 2211 quarto,
377 2132 413 2190 ut
433 2121 476 2189 ad
498 2145 591 2188 suam
619 2121 830 2190 hereditatem
861 2120 983 2205 redeat,
1007 2123 1149 2188 evocari.
1197 2121 1264 2204 Qui
1287 2125 1315 2188 si
1337 2145 1402 2188 nou
1425 2147 1470 2188 re·

229 2229 333 2310 dieril,
356 2227 465 2294 taliter
484 2235 626 2304 vocatus,
651 2226 800 2292 dominus
819 2222 918 2290 villae
931 2247 1003 2290 oum
1026 2205 1256 2312 protestatione
1279 2229 1398 2314 poterit
1412 2251 1470 2315 per

228 2331 327 2398 alium
342 2355 432 2397 suem
450 2329 662 2398 hereditatem
673 2328 843 2411 collocare,
858 2330 1060 2394 contumacia
1071 2331 1173 2416 ipsius
1184 2331 1416 2397 nonobstante.
1431 2331 1471 2395 m

224 2438 251 2502 si
274 2438 302 2503 is
324 2436 480 2524 profugus
503 2445 536 2502 et
557 2441 733 2500 contumax
756 2435 859 2498 minas
877 2435 1050 2498 incusserit
1064 2435 1304 2521 possessoribus
1319 2457 1469 2521 agrorum

224 2541 491 2629 qualescumque:
514 2539 676 2605 tenebitur
695 2537 855 2619 dominus,
878 2537 939 2603 snb
962 2559 1026 2623 quc
1050 2537 1185 2624 degerit,
1208 2541 1394 2625 requisitus,
1412 2541 1467 2626 jus

227 2644 409 2733 polonieale
427 2668 500 2711 cum
524 2668 562 2710 eo
574 2643 782 2731 poscentibus
795 2643 993 2726 ministrars;
1016 2640 1096 2708 alies
1114 2643 1182 2723 ille,
1206 2643 1349 2731 subque
1372 2643 1470 2709 fuerit

229 2748 470 2820 contradicens.
509 2771 639 2837 poenas,
668 2745 847 2834 vulgariter
865 2746 1155 2834 poaozoctlzescsa,
1189 2748 1332 2813 incurret
1361 2750 1469 2830 toties,

228 2855 355 2943 quoties
377 2863 490 2921 contre
512 2854 596 2920 banc
618 2854 880 2919 constitutionem
904 2851 1027 2918 feeerit.

314 2958 441 3026 XXIV.
460 2957 613 3024 Inutilem
637 2956 807 3023 scultetum
828 2958 862 3021 in
890 2956 1068 3021 hereditate
1079 2965 1203 3038 tenens,
1226 2964 1283 3021 aut
1304 2953 1463 3032 rebellem,
1534 3037 1535 3040 Ἴ

229 3063 378 3128 dominus
408 3064 527 3150 poterit
563 3062 750 3148 praecipere
785 3058 965 3125 scultetinm
1002 3081 1092 3125 suam
1137 3059 1300 3143 vendere3
1344 3061 1399 3147 qui
1440 3061 1464 3122 si

230 3175 409 3253 emptorem
431 3165 552 3231 habere
574 3187 639 3229 non
662 3166 791 3252 poterit,
832 3171 910 3228 tune
931 3162 986 3228 ille
1008 3161 1102 3228 heres
1124 3185 1201 3228 curn
1222 3160 1311 3228 dioto
1333 3161 1462 3228 sculteto

230 3269 396 3336 debebunt
418 3279 450 3335 et
471 3277 621 3336 tenentur
646 3268 801 3334 aceedere
824 3267 867 3333 ed
883 3266 1030 3354 judicem
1052 3275 1248 3348 terrestrem,
1273 3276 1305 3332 et
1326 3268 1463 3354 recipere

228 3397 268 3439 ac
298 3371 417 3460 eligere
448 3372 529 3439 duas
559 3395 715 3461 personas
746 3393 889 3457 sagaces,
920 3373 1026 3436 neutri
1048 3372 1188 3459 partium
1212 3379 1387 3458 suspectas,
1408 3369 1458 3456 qui

229 3477 372 3544 valorem
395 3476 564 3543 scultetiae
586 3477 627 3542 ad
652 3499 749 3542 utrem
772 3497 930 3542 summam
953 3485 1113 3560 taxantes,
1137 3474 1243 3540 eidem
1258 3474 1462 3541 dominosivo

229 3581 340 3648 heredi
364 3580 554 3648 solvendam
569 3579 786 3664 nunciabunt3
811 3589 843 3646 et
865 3582 912 3646 sic
935 3580 1095 3662 dominus,
1118 3578 1223 3646 solute
1245 3579 1302 3645 illa
1323 3591 1397 3648 taxa
1411 3597 1457 3665 pe-

229 3685 359 3765 cuniali,
382 3707 440 3773 pro
464 3709 498 3751 se
522 3684 704 3751 scultetiam
727 3684 896 3750 obtinebit.

314 3789 424 3856 XXV.
459 3789 630 3856 Primaeva
651 3789 891 3872 constitutione,
915 3789 948 3855 in
967 3788 1108 3877 capitulo
1134 3787 1333 3872 ,Statuimue
1353 3787 1453 3850 etmel

229 3895 286 3982 (ΙΙ.
311 3894 366 3979 24)
390 3895 535 3960 noscitur
565 3915 636 3958 esse
660 3891 876 3976 observatum,
900 3893 988 3981 quod
1011 3895 1039 3958 si
1060 3891 1178 3980 aliquis
1201 3893 1382 3958 lrmetcnem
1411 3885 1456 3953 vel

229 3999 415 4086 quempiam
438 3999 469 4062 in
494 4021 553 4063 sua
584 3995 668 4062 silva
697 3999 913 4079 arresteverit,
952 3997 1089 4063 eundem
1113 4019 1171 4084 pro
1194 3999 1299 4085 prima
1320 3997 1454 4084 pignore·

229 4105 316 4169 tione
340 4110 464 4166 tantum
493 4102 526 4166 in
558 4103 664 4166 securi
685 4101 888 4189 pignorabat,
916 4109 1013 4188 prout
1042 4125 1141 4189 supra
1160 4103 1195 4168 in
1216 4101 1304 4168 dicto
1326 4094 1453 4186 capitulo

230 4206 345 4272 eodem
379 4205 596 4288 ,Status'mua“
630 4215 690 4271 etc.
726 4215 776 4270 cst
806 4205 1012 4292 descriptum.
1057 4206 1101 4270 Et
1122 4207 1200 4292 quin
1221 4206 1368 4272 diversae
1388 4213 1453 4266 sunt

228 4309 340 4392 silvae,
364 4311 450 4376 inter
472 4333 552 4398 ques
576 4309 705 4396 aliquae
717 4311 931 4396 reperiuntur,
954 4311 986 4374 in
1000 4309 1117 4397 quibus
1129 4319 1205 4375 snnt
1214 4309 1348 4375 arbores
1360 4305 1458 4392 magni

228 4414 348 4480 valoris
373 4424 405 4480 et
426 4416 532 4501 pretii,
555 4423 591 4478 ut
613 4425 757 4479 estaxus
780 4422 812 4479 et
825 4412 907 4478 alise
920 4413 1061 4496 arbores,
1086 4415 1204 4502 quibus
1216 4414 1355 4496 attentis,
1366 4429 1456 4497 quum
1533 4413 1534 4486 l

229 4519 364 4601 pignora
398 4517 518 4583 debent
548 4516 745 4604 praecellere
773 4518 805 4582 in
828 4517 939 4582 valore
961 4541 1024 4599 res,
1048 4541 1106 4606 pro
1129 4519 1249 4605 quibus
1271 4520 1461 4606 pignoretur,
1533 4539 1534 4562 ι

225 4621 332 4684 visum
356 4631 406 4683 est
429 4621 521 4688 nobis
537 4630 572 4686 et
593 4621 712 4686 nostris
724 4621 922 4690 baronibus:
945 4622 1042 4704 Quod
1063 4623 1091 4691 si
1115 4624 1188 4714 quis
1210 4617 1460 4688 intremulum
