3064 5118
578 1290 733 1373 XXI.

316 1497 502 1603 Zakon
541 1498 811 1605 slavonski
846 1501 996 1606 1273.

121 1747 193 1812 Nos
217 1742 376 1824 listhene,
401 1739 502 1808 benus
525 1743 628 1807 tocius
651 1741 850 1820 Sclaveniae,
880 1743 1097 1828 significamus
1120 1743 1268 1810 omnibus

42 1851 244 1939 presencium
265 1871 325 1936 per
345 1857 499 1924 tenorem,
522 1844 609 1932 quod
631 1845 664 1910 in
680 1848 935 1933 congregacione
955 1848 1044 1936 regni
1068 1849 1170 1914 tocius
1183 1845 1270 1916 Sola·

42 1956 133 2018 venie
156 1949 314 2040 generali,
337 1947 462 2016 nobiles
485 1959 517 2015 et
535 1949 727 2037 jobagiones
750 1960 928 2017 castrorum
951 1951 1011 2017 hec
1027 1953 1104 2039 jura
1124 1952 1216 2036 regni
1241 1961 1273 2016 et

42 2056 176 2124 bacmos
199 2056 413 2142 infrascripta,
436 2053 568 2120 redacta
589 2055 622 2119 in
646 2055 785 2142 scriptis,
808 2053 900 2120 nobis
913 2054 1138 2140 exbibuerunt,
1161 2066 1271 2143 peten-

42 2173 97 2244 tes,
110 2161 198 2248 quod
215 2184 255 2227 ea
268 2162 301 2226 iu
312 2159 446 2247 judiciis
462 2158 651 2224 exercendis
667 2169 699 2224 et
713 2158 848 2225 banatus
863 2159 992 2246 juribus
1009 2182 1052 2225 ex
1074 2208 1081 2224 .
1107 2207 1114 2224 .
1139 2209 1146 2225 .
1170 2206 1178 2222 .
1200 2182 1273 2224 mus

43 2287 96 2352 per
116 2273 246 2332 nostros
269 2263 398 2352 judices
421 2262 596 2328 observari.
641 2262 706 2329 Nos
728 2264 846 2350 itaque,
878 2273 986 2350 utpote
1020 2266 1076 2351 qui
1109 2263 1149 2330 de
1179 2262 1273 2329 bonis

43 2371 130 2456 regni
139 2379 174 2436 et
184 2367 376 2436 utilitatibus
391 2366 597 2454 gratulamur,
608 2368 750 2454 ipsorum
754 2367 908 2455 justam..
921 2415 944 2433 ..
958 2391 1006 2451 eo,
1021 2366 1106 2455 quod
1118 2369 1275 2456 premissa

40 2475 109 2558 jura
131 2475 220 2540 veris
243 2482 275 2538 et
297 2471 447 2558 legitimis
470 2469 653 2536 racionibus
686 2469 913 2553 fundabantur,
945 2471 1133 2538 admisimus
1164 2471 1272 2538 debito

44 2597 112 2642 cum
136 2577 264 2643 effectu.

128 2683 158 2746 1.
171 2681 316 2747 Primum
329 2677 498 2766 siquidem,
512 2677 613 2766 (quod
627 2679 674 2767 in)
686 2678 876 2768 pristaldum
892 2702 986 2745 suum
998 2681 1271 2768 consanguineum

44 2785 94 2850 vel
116 2793 300 2872 cognatum,
322 2797 379 2850 aut
400 2785 605 2866 servientem,
635 2783 688 2850 vel
711 2805 804 2850 suum
827 2783 1042 2870 parochialem
1075 2783 1273 2851 sacerdotem

45 2911 99 2974 pro
120 2889 304 2955 testimonio
327 2889 471 2974 recipere
493 2886 599 2953 nullus
621 2888 732 2975 possit.

126 2995 156 3060 2.
179 2992 234 3059 Ad
257 2993 325 3073 bec,
349 2993 376 3056 si
399 2991 512 3058 citacio
526 2991 583 3057 fist
594 2993 628 3057 in
642 2993 843 3078 presenciam
855 3001 1006 3076 nostram,
1031 2993 1192 3080 quindena
1210 2993 1273 3060 diei

46 3097 211 3179 citationis,
234 3097 362 3162 sivero
385 3096 418 3160 iu
439 3097 640 3183 presenciam
661 3105 844 3162 nostrorum
859 3094 1019 3184 judicum,
1041 3098 1155 3164 citaoio
1178 3096 1276 3163 debet
1393 3169 1396 3178 ι

46 3222 101 3285 pro
123 3201 260 3267 termino
273 3246 440 3267 ......
463 3201 567 3286 gnari,
591 3197 623 3264 et
636 3207 726 3265 actor
747 3201 781 3264 in
803 3200 905 3286 primo
930 3201 1095 3266 citacionis
1119 3200 1223 3267 edicto
1241 3203 1274 3267 in

48 3304 160 3370 litteris
176 3302 302 3393 judicio
324 3325 415 3370 suam
438 3305 599 3391 exprimet
621 3305 794 3388 accionem,
818 3327 858 3370 ne
881 3303 970 3370 locus
993 3303 1158 3371 fraudibus
1174 3327 1272 3372 reser-

48 3417 151 3494 vetur3
175 3417 207 3474 et
229 3411 256 3474 si
279 3417 455 3475 conventus
487 3409 521 3474 in
543 3409 646 3496 primo
669 3431 733 3475 non
763 3409 975 3496 comparuerit
997 3411 1154 3492 termino,
1189 3430 1274 3496 qua-

48 3509 192 3599 draginta
213 3511 416 3579 deuariorum
433 3510 556 3600 judicic
572 3510 760 3599 subjacebit,
785 3535 842 3600 pro
862 3521 1039 3578 ceterorum
1057 3535 1134 3580 vero
1156 3512 1273 3578 obmis-

49 3615 187 3682 sionibns
208 3617 417 3682 terminorum
441 3626 594 3682 consueta
611 3616 736 3703 judicia
757 3616 848 3702 regni
871 3615 1045 3682 solventur.

127 3721 159 3786 3.
182 3719 265 3786 Item
281 3722 396 3786 citatus
415 3721 448 3786 in
463 3741 560 3786 causa
571 3721 793 3807 possessionis,
811 3719 896 3802 forti,
921 3718 1086 3801 violencie,
1110 3718 1273 3786 homicidii

50 3831 99 3888 aut
119 3820 328 3908 infidelitatis,
353 3825 381 3890 si
403 3823 619 3910 personaliter
640 3822 693 3890 vel
705 3847 762 3912 per
775 3823 936 3890 hominem
948 3847 1038 3890 suum
1053 3824 1274 3911 comparuerit,

50 3929 208 4015 responsio
229 3929 453 4017 peremptoria,
475 3930 545 3994 sine
567 3927 680 3994 iudicii
702 3929 900 4015 gravamine,
924 3949 1026 4016 usque
1040 3928 1082 3994 ad
1105 3929 1274 4015 septimum

51 4033 215 4098 terminum
238 4031 355 4098 debeat
377 4033 553 4118 prorogari,
588 4043 621 4096 et
653 4033 686 4096 in
716 4033 907 4120 recepcione
936 4032 1107 4098 cuiuslibet
1136 4031 1274 4114 termini,

52 4136 229 4219 quindecim
253 4135 377 4202 dierum
393 4126 522 4202 inducie
536 4135 756 4222 observentur,
780 4135 832 4202 vel
854 4158 911 4224 pro
928 4148 1048 4223 septem
1072 4135 1199 4218 edictis,
1212 4157 1275 4221 quc

52 4235 185 4323 legitime
207 4241 306 4327 recipi
329 4250 470 4327 possent,
494 4263 576 4308 uuus
591 4242 744 4306 terminus
768 4242 1000 4327 peremptorius
1023 4242 1212 4328 assignetur.
1233 4238 1276 4303 Et

52 4341 164 4428 siquis
186 4345 221 4408 in
244 4344 411 4431 premissis
435 4343 562 4408 casibus
585 4345 618 4408 in
641 4345 776 4431 septimo
805 4346 941 4410 termino
963 4367 1027 4410 non
1049 4345 1273 4432 comparuerit,

49 4444 145 4528 judex
165 4449 200 4512 in
222 4457 336 4514 octavo
358 4448 494 4514 termino
517 4447 646 4534 publice
669 4448 764 4514 faciet
786 4447 989 4536 proclamari,
1019 4449 1106 4535 quod
1120 4472 1194 4515 reus
1213 4450 1276 4536 juri

53 4569 155 4632 parere
177 4536 308 4638 debeam
330 4573 431 4639 quare
452 4554 486 4618 in
508 4552 669 4651 prioribus
692 4553 913 4620 terminisnon
928 4554 1152 4640 comparuerit,
1168 4562 1273 4620 osteu-

149 4657 219 4710 Slcv.
239 4657 356 4723 lerony.
1021 4649 1070 4723 49
