3082 5128
461 469 586 522 xxxm.
605 467 710 522 sarua
729 468 898 523 wisttssnsts
915 469 937 522 1.
1231 453 1305 527 ete

56 685 121 750 per
157 664 328 731 continuos
351 661 419 728 XV
436 683 537 728 annos
567 660 685 730 dictam
716 661 823 729 lacere
852 659 1123 750 protestationem,
1156 659 1199 726 ab
1221 659 1309 727 omni

53 769 138 855 jure
161 767 353 834 hereditatis
375 768 423 834 sic
445 765 606 853 obligatae
628 768 745 834 sentiet
767 791 803 833 se
824 767 1008 853 cecidisse]

125 935 180 1000 De
206 935 263 1000 illo
286 939 343 1023 qui
363 939 400 1000 ire
423 935 613 1023 ohlipatiooe
636 935 780 1024 aliqum-m
800 933 1004 1001 hereditatem
1025 937 1149 1002 nornine
1171 936 1254 1002 dotis

605 1039 780 1130 possideat.

153 1175 209 1242 42.
253 1174 289 1240 Si
323 1182 432 1240 autem
455 1174 497 1238 sit
525 1169 641 1238 molier
670 1172 819 1238 maritate
847 1171 890 1238 ad
920 1171 1064 1260 aliquam
1086 1171 1309 1253 hereditatem,

60 1300 165 1364 qoem
190 1278 271 1344 dicit
298 1287 330 1344 et
360 1277 463 1346 credit
491 1278 617 1344 ratione
639 1276 722 1344 dotis
755 1275 809 1342 vel
832 1273 978 1364 quolibet
1005 1277 1102 1344 modo
1125 1277 1188 1346 alio
1210 1278 1254 1345 ad
1275 1301 1311 1346 se

61 1385 244 1469 pertinere,
279 1384 306 1447 si
328 1383 414 1449 infra
435 1382 547 1450 decem
570 1403 673 1448 annos
695 1404 760 1448 non
783 1381 945 1448 curaverit
967 1381 1018 1447 vel
1041 1382 1222 1469 neglexerit
1253 1405 1310 1472 pro

61 1487 183 1552 eadem
220 1486 398 1554 hereditate
433 1487 653 1575 quaestionem
687 1487 856 1568 intentare,
895 1486 949 1570 ita,
990 1485 1077 1574 qood
1108 1485 1192 1554 infra
1224 1485 1310 1554 idem

59 1601 199 1678 tempus
221 1591 333 1658 decem
356 1615 523 1674 annorum,
536 1602 682 1679 tempore
703 1591 793 1678 pacis
815 1599 849 1658 et
870 1591 1071 1674 concordiae,
1083 1592 1224 1680 patiatur
1238 1613 1310 1680 pos-

63 1718 235 1764 sessorem
256 1697 391 1784 pacifice
421 1705 454 1762 et
475 1697 583 1784 quiete
606 1694 782 1783 possidere,
818 1703 939 1762 exorno
961 1695 1180 1764 decernimus:
1214 1695 1311 1778 Quod

61 1801 183 1868 eadem
206 1800 324 1868 mulier
346 1802 388 1869 ab
411 1805 498 1868 omni
514 1803 591 1890 jure
612 1800 758 1890 ejusdem
783 1800 971 1868 hereditatis
994 1801 1090 1868 etiam
1110 1811 1313 1888 seagnoscst

60 1906 237 1974 cecidisse.

93 2073 146 2139 Dc
172 2073 274 2138 vidua
295 2075 424 2141 habente
447 2075 649 2142 hereditatem
670 2077 793 2141 ratione
815 2075 897 2140 dotia
919 2075 968 2140 vel
989 2076 1097 2162 quovis
1119 2073 1185 2139 clio
1199 2077 1286 2180 jure.
1405 2097 1409 2104 ·

155 2205 212 2271 43.
247 2204 282 2272 Si
305 2218 412 2274 autem
442 2207 540 2274 fuerit
561 2206 668 2292 vidua,
703 2217 736 2274 et
757 2206 871 2274 eodem
894 2205 990 2273 modo
1017 2206 1104 2273 dicat
1136 2214 1169 2272 et
1190 2214 1314 2273 asserat

63 2309 214 2396 aliquam
238 2310 459 2395 hereditatem,
482 2335 580 2400 quam
602 2310 717 2399 aliquis
740 2311 894 2400 possidet,
917 2313 1040 2378 ratione
1064 2311 1147 2378 dotia
1170 2308 1313 2398 velquo·

63 2413 153 2480 libet
175 2413 240 2480 alio
259 2415 334 2501 jure
356 2415 398 2481 ad
420 2439 455 2482 se
478 2415 649 2506 pertinere,
680 2424 713 2482 et
734 2416 817 2482 infra
842 2438 902 2482 sex
924 2438 1035 2499 annos,
1058 2425 1203 2504 tempore
1224 2415 1313 2503 pacis

64 2527 99 2584 et
131 2519 335 2602 concordiae,
360 2520 547 2588 sustinuerit
573 2517 626 2587 vel
658 2541 754 2608 pessa
783 2519 889 2598 luerit,
922 2519 1060 2586 eundem
1095 2539 1313 2608 possessorem

61 2625 177 2712 ipsam
205 2621 414 2691 hereditatem
442 2627 550 2712 quiete
580 2625 756 2713 possidere,
781 2625 1000 2692 decernimus:
1032 2623 1129 2707 Quod
1152 2634 1229 2690 tunc
1251 2624 1313 2712 ipsi

62 2728 253 2816 possessori
284 2729 409 2794 ratione
438 2730 699 2817 praescriptionis
731 2731 764 2794 in
787 2727 899 2796 eadem
922 2727 1100 2796 hereditate
1115 2725 1246 2816 plenum
1262 2728 1313 2816 jos

62 2835 110 2899 sit
159 2833 361 2920 acquisitum,
397 2842 430 2900 et
464 2833 581 2900 mulier
618 2833 735 2900 sentiat
775 2857 811 2899 se
849 2832 891 2899 ab
921 2833 1007 2900 omni
1036 2833 1112 2922 jure
1148 2831 1313 2900 cecidisse.

62 2935 231 3004 Volumus
258 2947 364 3003 autem
396 2947 428 3003 et
458 2935 670 3014 declaramus,
705 2937 792 3025 quod
814 2939 1010 3026 praemissae
1043 2935 1314 3025 praescriptiones

62 3055 218 3130 tempore
251 3043 341 3130 pacis
370 3053 402 3108 et
431 3042 623 3110 concordiae
654 3041 716 3109 sibi
745 3041 919 3108 vendicent
950 3041 1054 3108 locum
1088 3039 1141 3109 vel
1175 3039 1315 3107 debeant

63 3147 265 3232 vendicare3
287 3155 432 3236 tempore
454 3157 563 3214 sutem
586 3169 774 3235 guerrarum
791 3149 860 3213 sive
876 3146 1107 3214 discordiarum
1130 3145 1313 3212 nullatenus

63 3255 135 3320 sibi
159 3251 267 3320 locum
290 3251 431 3320 debeant
450 3253 634 3339 vendicare,
664 3253 722 3319 sed
744 3261 821 3318 tuno
844 3251 1005 3341 oportebit
1027 3250 1148 3318 salubri
1170 3247 1314 3316 remedio

65 3358 197 3428 eisdem
227 3359 408 3446 providere,
438 3359 536 3447 juxta
566 3357 799 3424 discordiarum
833 3367 866 3423 et
894 3377 1083 3444 guerrarum
1112 3353 1313 3443 qualitatem

63 3465 157 3530 sicut
191 3471 223 3528 et
260 3463 398 3552 captivis
432 3485 491 3552 per
511 3461 665 3530 Tartarus
699 3461 819 3527 nullam
852 3461 1001 3528 volumus
1033 3457 1104 3526 fieri
1135 3459 1313 3547 praescrip

62 3573 203 3638 tionem.

280 3738 331 3804 De
352 3737 410 3812 illo
432 3739 488 3826 qui
509 3738 545 3804 io
567 3736 676 3802 attam
698 3734 868 3802 hereditate
885 3733 980 3820 pouit
1000 3754 1098 3820 espec.

160 3887 212 3953 44,
246 3885 438 3953 Francisous
461 3885 609 3974 deposuit
631 3883 794 3974 querelam
818 3891 929 3949 contra
951 3879 1135 3968 Aegidium,
1169 3875 1255 3966 quod
1277 3879 1311 3944 in

70 3994 180 4083 ipsius
203 3990 381 4059 hereditate
412 3992 521 4079 posuit
542 4013 645 4080 sepes,
680 4001 712 4058 et
734 3991 818 4057 intre
840 3986 913 4055 illos
936 4007 1048 4052 omnes
1069 3984 1203 4066 fructus,
1232 4003 1314 4070 quos

67 4100 151 4166 fecit
184 4107 217 4162 et
238 4098 344 4163 iacere
373 4105 508 4184 poterat,
531 4095 683 4184 percepit.
728 4091 897 4180 Aegidius,
932 4089 1019 4178 quod
1050 4087 1244 4154 Franciseus
1277 4088 1311 4152 in

72 4205 191 4270 eadem
214 4201 293 4268 villa
315 4201 368 4268 die
390 4211 535 4267 acnocte
557 4199 619 4266 init
639 4211 672 4265 et
696 4195 853 4266 estsimul
875 4217 949 4262 cum
972 4195 1042 4280 ipso
1053 4191 1228 4257 Francisco
1255 4211 1314 4277 per

70 4311 157 4374 duos
169 4329 280 4391 annos,
293 4317 326 4372 et
348 4305 457 4388 tacuit,
481 4327 541 4371 ncc
557 4327 697 4392 unquam
710 4302 888 4369 ammonuit
904 4301 1009 4387 ipsum
1021 4293 1194 4380 Aegidium
1218 4294 1314 4358 unico

72 4412 179 4480 verbo
210 4433 269 4499 pro
304 4409 435 4500 sepibus
457 4408 664 4499 praenotatis.
706 4407 774 4474 Nos
796 4407 907 4493 itaque
934 4400 1136 4469 attendentes
1158 4395 1314 4464 desidiam

72 4520 148 4585 sive
169 4517 334 4603 pigritiem
346 4515 446 4603 ipsius
458 4515 633 4597 Francisci,
656 4511 875 4580 declaramus:
898 4508 938 4576 In
960 4507 1022 4573 hoc
1044 4525 1122 4572 casu
1144 4503 1206 4589 ipsi
1214 4501 1314 4568 Fran-

72 4626 164 4693 cisco
189 4621 327 4688 duorum
350 4644 506 4690 annorum
530 4619 658 4685 obstare
680 4616 974 4708 praescriptionem.
