3070 5118
241 409 316 481 490
667 423 791 478 xxvm.
815 423 920 477 sumta
936 423 1048 478 omnia

242 639 278 682 se
302 613 403 683 libere
426 623 459 682 et
479 612 641 700 absolute3
675 613 799 682 scilicet
820 616 860 683 de
883 638 981 705 capra
1002 625 1035 684 et
1068 639 1130 684 ove
1152 626 1185 685 et
1206 617 1340 686 caeteris
1359 617 1473 706 hujus·

242 719 341 803 modi,
363 729 491 808 praeter
511 741 654 800 vaccam,
676 719 804 806 bovem,
832 743 960 810 equum,
983 731 1173 813 caeteraque
1195 726 1341 814 majora)

326 845 356 930 5.
380 841 431 908 14.
466 841 501 908 Si
523 841 754 909 subtrahuntur
775 841 902 932 aliquae
923 867 984 930 res,
1022 844 1156 932 pallium
1185 856 1243 913 aut
1263 845 1381 938 aliquid
1409 851 1477 918 tale

241 949 303 1016 boc
325 948 433 1014 curiae
455 969 520 1013 uon
541 947 743 1034 notificetur3
774 949 831 1016 sed
854 951 881 1016 si
911 949 969 1016 bos
990 949 1045 1017 vel
1062 952 1244 1040 jumentum
1266 953 1476 1041 subtrahimur,

242 1053 351 1121 curiae
372 1052 563 1118 notificetm.

328 1177 433 1262 515.
467 1175 510 1242 Et
542 1175 671 1266 quando
704 1175 822 1266 aliquia
844 1175 1033 1245 vulneratur
1054 1176 1095 1244 de
1116 1177 1187 1246 foro
1210 1183 1381 1268 veniendo,
1420 1185 1477 1252 vel

244 1280 341 1349 alibi:
363 1281 544 1349 notificetur
565 1281 681 1348 euriae.

329 1404 433 1488 516.
466 1402 547 1471 Item
580 1403 709 1494 quaudo
742 1404 859 1492 aliquis
891 1405 1009 1473 nobilis
1031 1408 1082 1474 vir
1112 1410 1237 1497 capitur
1267 1410 1300 1476 in
1322 1412 1407 1478 furto
1446 1423 1480 1476 et

245 1509 460 1597 suspenditur,
491 1519 523 1575 et
551 1529 617 1575 non
638 1508 736 1576 habet
757 1509 899 1598 prolem:
922 1510 1082 1580 hereditas
1103 1514 1205 1602 ipsius
1225 1517 1296 1602 regi
1319 1515 1421 1595 cedat,
1446 1524 1480 1582 et

244 1615 273 1680 si
284 1605 402 1701 =uliquis
417 1614 541 1703 capitur
551 1615 585 1680 iu
603 1613 771 1681 manifemo
783 1615 878 1700 furto,
890 1637 974 1683 uxor
986 1617 1055 1706 ejus
1066 1618 1185 1685 habeat
1195 1621 1325 1688 tertiam
1338 1629 1474 1709 partem.

332 1743 361 1822 5.
386 1738 437 1804 17.
466 1737 658 1826 Quicunque
680 1735 798 1805 nobilis
820 1737 874 1804 vel
895 1739 1033 1806 misticus
1067 1740 1221 1808 ceciderit
1240 1741 1394 1832 aliquem,
1417 1744 1476 1812 CC

246 1842 396 1909 denarios
419 1842 523 1909 solvat
545 1844 652 1910 curiae
675 1851 708 1908 et
722 1841 802 1910 elias
823 1841 954 1909 recedat
972 1853 1005 1910 et
1022 1855 1156 1934 quaerat
1177 1847 1326 1933 gratiam,
1349 1858 1478 1915 etuxor

244 1967 303 2012 aua
324 1947 355 2012 iu
379 1967 458 2034 pace
481 1945 592 2012 sedeat
614 1954 646 2012 et
667 1945 859 2034 indempuis.

329 2074 357 2154 5.
382 2069 433 2135 18.
458 2067 493 2136 Si
514 2070 586 2157 quis
608 2091 671 2135 uon
686 2066 835 2136 habuerit
856 2069 939 2136 filios
958 2070 1012 2137 vel
1034 2071 1146 2157 filium,
1163 2081 1195 2138 et
1208 2073 1291 2140 filias
1312 2073 1476 2142 habuerit:

243 2172 286 2240 ad
308 2172 381 2239 illas
415 2174 565 2241 deveniat
593 2172 755 2240 hereditas
783 2174 977 2263 aequaliter3
1019 2185 1052 2242 et
1081 2178 1108 2243 si
1130 2200 1195 2244 nou
1218 2163 1347 2262 luerint,
1386 2179 1476 2246 here-

244 2277 327 2345 ditas
351 2278 502 2346 deveniat
523 2277 565 2345 ad
585 2279 751 2366 proximos
773 2277 918 2346 heredes.

329 2407 357 2484 5.
381 2401 431 2469 19.
466 2400 501 2467 Si
522 2401 617 2468 alicui
642 2401 871 2468 subtrahuntur
887 2404 1037 2490 jumenta
1057 2413 1113 2471 aut
1131 2405 1250 2490 famuli,
1274 2428 1353 2493 apes
1367 2406 1477 2471 furan-

244 2514 310 2572 tur:
335 2505 431 2573 debet
447 2507 556 2573 subire
572 2506 734 2596 judicium
756 2505 844 2592 ferri,
863 2507 987 2575 scilicet
1009 2531 1165 2575 vomeres.
1523 2531 1524 2604 q

331 2633 362 2712 5.
384 2629 437 2694 20.
470 2628 608 2717 Insuper
630 2629 657 2694 ai
687 2630 757 2717 quis
780 2628 934 2718 spoliatus
964 2629 1060 2697 fuerit
1081 2654 1140 2719 per
1160 2630 1281 2719 vybo
1288 2631 1316 2720 j,
1351 2631 1480 2697 incuset

245 2753 327 2820 quos
349 2731 429 2817 vult,
453 2741 485 2800 et
506 2731 546 2799 de
569 2730 720 2800 hrdost
740 2734 883 2800 nominet
904 2755 985 2822 quos
1008 2733 1086 2819 vult,
1122 2745 1154 2801 ct
1175 2737 1323 2823 autiquae
1345 2757 1479 2800 conane-
1523 2717 1524 2786 l

247 2835 375 2903 tudiues
399 2849 635 2908 conserventur.

333 2963 362 3044 5.
385 2959 436 3026 21.
471 2959 626 3047 Quisquis
642 2958 823 3026 theloneum
837 2961 1068 3049 pertransierit,
1092 2959 1326 3028 etheloneario
1349 2961 1482 3028 lieentia

249 3083 314 3129 non
338 3063 746 3152 obtentauequethcloneo
767 3064 941 3154 persoluto,
964 3087 1026 3132 non
1049 3065 1141 3132 aliter
1162 3067 1321 3153 puniatur,
1344 3066 1411 3130 nisi
1425 3067 1482 3153 jus

252 3166 393 3233 thelonei
416 3166 594 3256 duplicabit
615 3178 649 3235 et
669 3177 797 3256 praeter
817 3167 879 3236 hoc
901 3192 959 3257 pro
981 3192 1086 3258 poena
1108 3169 1212 3237 solvat
1233 3169 1296 3235 LX
1314 3169 1480 3235 denarios.
1523 3179 1524 3220 ³

333 3299 362 3378 5.
385 3292 427 3358 22
461 3291 497 3359 Si
518 3293 592 3379 quia
614 3313 730 3379 equum
759 3295 934 3381 proprium,
969 3315 1096 3359 comum
1125 3293 1266 3379 aliquem
1289 3291 1482 3374 trahentem,
1523 3304 1524 3390 1

247 3397 489 3484 recognoverit:
512 3417 577 3462 non
599 3394 787 3484 plusquam
810 3395 872 3461 LX
905 3397 1053 3463 denarios
1075 3418 1133 3484 pro
1156 3418 1253 3461 curru
1274 3405 1306 3461 et
1327 3394 1428 3460 rebus
1450 3397 1483 3460 in
1523 3393 1524 3464 i

249 3525 287 3570 eo
310 3500 522 3569 existentibus
540 3499 643 3588 judici
664 3500 837 3588 persolvat

333 3629 362 3708 5.
386 3623 438 3690 23.
471 3622 553 3689 Item
588 3622 613 3688 si
649 3623 719 3709 quie
753 3643 871 3710 equum
905 3622 991 3713 apud
1024 3621 1162 3710 aliquem
1197 3623 1355 3689 invenerit
1382 3619 1483 3687 hone

247 3728 398 3819 retunsi)
409 3754 416 3796 :
429 3751 493 3795 non
508 3749 626 3816 equum
636 3726 778 3794 vindicet
792 3727 854 3792 sibi
871 3727 985 3816 judex,
999 3727 1059 3795 nisi
1077 3725 1275 3793 solummodo
1298 3723 1360 3790 LX
1380 3723 1483 3790 dena-

249 3836 307 3902 riis
331 3835 373 3898 ait
393 3842 572 3900 contentus.

335 3961 364 4040 5.
388 3955 440 4022 24.
474 3955 558 4020 Item
587 3955 615 4020 si
649 3955 722 4041 quie
745 3953 859 4020 citatus
894 3952 989 4018 fuerit
1012 3962 1046 4018 et
1067 3951 1240 4019 obtinuerit
1256 3950 1312 4038 jus
1334 3971 1430 4014 suum
1452 3951 1485 4013 in

244 4061 376 4149 jndicio,
400 4080 506 4147 neque
526 4065 629 4125 vrdu
650 4079 755 4146 neque
784 4059 966 4147 pohonn
979 4059 1007 4142 d,
1031 4056 1089 4122 sed
1111 4053 1311 4122 solummodo
1333 4053 1484 4118 denarios

250 4164 331 4231 duos
352 4163 526 4252 persolvat,
550 4161 636 4250 quod
658 4184 707 4250 po
720 4185 753 4230 m
765 4165 877 4229 cond
899 4161 1075 4247 vulgariter
1096 4158 1285 4248 appellatur.
1523 4169 1524 4248 l

334 4291 363 4370 5.
387 4285 439 4352 25.
462 4284 545 4350 Item
567 4283 608 4350 ad
625 4284 798 4351 clamorem
811 4305 1023 4367 communem,
1038 4285 1093 4371 qui
1114 4279 1348 4369 nostojte!
1372 4281 1481 4368 vulga-
1523 4251 1524 4262 .

250 4391 328 4458 riter
350 4391 541 4472 nominatur,
565 4387 672 4455 nullus
694 4411 823 4454 currere
845 4397 1001 4471 teneatur,
1024 4389 1084 4454 nisi
1108 4387 1148 4453 de
1169 4388 1299 4475 propria
1320 4389 1482 4451 voluntate
1523 4469 1524 4472 Ἴ

250 4496 311 4563 hoc
333 4506 439 4561 tacere
461 4492 608 4559 voluerit.
