3082 5128
246 413 320 486 580
626 425 746 478 XXXIV.
765 428 869 480 Statuta
887 383 1054 478 Wialiceusla
1071 423 1105 478 Il.

252 617 418 700 occiderit,
436 617 533 705 juxte
555 617 643 705 quod
666 639 781 704 pascue
800 615 963 696 damnum,
986 639 1083 704 euper
1094 616 1319 682 aestimatione
1343 617 1486 703 ejusdem

251 721 377 810 poledri
400 722 508 804 occisi,
527 723 713 810 juramento
738 744 795 787 sue
818 723 1006 804 firmaverit,
1030 721 1217 788 satisfecere
1244 729 1403 788 teneatur.

338 825 590 892 resumimus
614 827 730 894 etiam:
766 825 862 908 Quod
895 827 1089 914 quicumque
1111 826 1233 892 hebens
1269 849 1344 892 curn
1377 827 1483 914 alique

252 931 380 1017 limites,
404 933 492 1018 ipsos
515 930 803 1018 transgrediendo,
826 929 915 1016 ligna
947 931 1000 996 vel
1029 930 1196 1018 quaelibet
1228 931 1380 997 utensilia
1408 932 1481 996 inei-

254 1037 346 1118 derit,
371 1037 408 1118 is,
432 1036 525 1122 eujus
549 1034 632 1100 silve
653 1035 759 1112 fuerit,
784 1035 977 1101 incidentem
1000 1038 1104 1123 prime
1127 1038 1159 1102 in
1183 1037 1290 1102 securi
1312 1046 1345 1102 et
1367 1035 1478 1122 pallie;

249 1140 391 1207 seeundo
424 1142 459 1205 in
482 1141 597 1216 securi,
619 1139 719 1227 pallio
741 1150 774 1205 et
792 1141 910 1224 tunica,
940 1141 1033 1206 tertio
1066 1143 1100 1206 in
1125 1140 1229 1207 bobue
1245 1141 1299 1206 vel
1321 1143 1355 1206 in
1378 1143 1477 1228 equis,

246 1268 305 1310 reu
328 1247 362 1310 iu
385 1267 449 1310 une
473 1267 556 1332 equo
579 1245 798 1330 impignorare
821 1247 938 1331 peterit
959 1247 1029 1310 eine
1052 1268 1166 1332 poene.
1190 1245 1255 1312 Sed
1277 1248 1306 1311 ei
1328 1249 1480 1334 impigre

242 1351 364 1416 raverit
386 1349 527 1437 aliquem
548 1349 583 1414 in
598 1348 723 1415 duobus
747 1349 851 1415 bobus
868 1349 920 1414 vel
933 1351 1036 1436 equis,
1060 1371 1229 1438 unempre
1253 1373 1287 1416 re
1310 1349 1479 1431 obtinebit,

244 1463 277 1520 et
298 1455 397 1519 alium
420 1452 538 1521 bovem
560 1453 613 1520 vel
627 1477 746 1540 equum
770 1477 866 1541 super
878 1455 1114 1541 fidejussoriam
1133 1456 1315 1522 cautionem
1335 1455 1480 1532 dimittet,

176 1625 179 1638 ,
247 1569 279 1624 et
301 1562 428 1646 sigeum
452 1559 485 1624 in
507 1558 634 1642 arbore,
669 1560 725 1625 ubi
755 1561 997 1647 impignoravit,
1030 1559 1185 1626 excidere
1207 1571 1363 1626 teneatur.
1385 1599 1428 1608 -
1450 1562 1481 1624 Si

246 1667 317 1752 quie
340 1687 418 1730 vero
441 1665 475 1729 in
497 1665 571 1751 gajo
595 1663 727 1729 alteriue
750 1664 870 1729 furtive
883 1685 980 1728 unam
1004 1663 1057 1730 vel
1070 1663 1151 1730 duee
1173 1686 1312 1752 quereus
1325 1663 1478 1746 inciderit,

245 1792 302 1856 pre
325 1768 470 1857 qualibet
491 1791 612 1856 quercu
634 1778 706 1834 octo
730 1777 859 1851 scottos,
884 1769 1012 1854 sivero
1043 1773 1109 1833 tres
1132 1769 1314 1850 succiderit,
1346 1793 1480 1834 meream

244 1873 301 1956 illi,
332 1874 366 1939 in
397 1873 488 1958 eujue
516 1873 590 1960 gajo
615 1872 702 1949 feeit,
731 1881 764 1937 et
781 1871 906 1959 judicio
930 1872 1025 1938 aliam
1049 1895 1206 1956 maream3
1231 1873 1289 1940 sed
1311 1875 1339 1939 si
1362 1884 1479 1940 tantum

245 1979 439 2065 propagines
450 1977 633 2060 absciderit,
647 1985 784 2066 quatuor
798 1985 917 2044 scottos
929 1979 1035 2066 ipsum
1048 1977 1240 2044 incidentem
1252 1977 1380 2044 solvere
1395 2001 1479 2065 opor·

245 2081 332 2148 tebit.
354 2081 398 2148 Et
420 2081 505 2146 idem
529 2079 676 2148 volumus
701 2103 771 2146 enee
784 2082 957 2147 tenendum
982 2082 1022 2148 de
1041 2081 1225 2170 quercubus
1240 2081 1404 2166 silvarum,
1428 2105 1479 2148 seu

243 2187 276 2249 in
300 2185 389 2251 silvis
405 2188 570 2274 aquetieiq
593 2185 745 2252 videlieet
767 2185 1018 2271 cireaWartam,
1040 2186 1092 2252 vel
1116 2188 1202 2253 eirca
1212 2186 1478 2274 quaelibeteqnas

244 2290 459 2356 decurrentes.
482 2289 533 2355 De
550 2291 732 2378 quercubus
744 2313 821 2356 vero
835 2292 1037 2374 mericarum,
1061 2314 1144 2379 quae
1167 2293 1287 2357 merica
1308 2291 1479 2378 vulgariter

243 2393 361 2462 dicitur
393 2395 582 2478 danubrewu,
606 2395 687 2461 duee
711 2403 829 2461 scottos
853 2395 990 2483 quilibet
1012 2396 1115 2482 ipsam
1139 2396 1285 2462 incidens
1308 2396 1478 2485 persolvet?

242 2499 291 2564 ein
327 2509 434 2565 eutem
468 2501 661 2587 propagines
692 2499 744 2565 vel
775 2521 882 2566 remor
910 2508 1034 2566 tantum
1064 2499 1260 2583 absciderit,
1289 2501 1479 2567 solummodo

243 2603 452 2692 impignorari
476 2603 615 2670 debebit.
638 2641 681 2654 -
704 2605 832 2692 Siquis
861 2613 967 2670 autem
993 2605 1143 2670 arborem
1173 2628 1246 2670 cum
1275 2604 1390 2692 apibus
1411 2605 1478 2670 inei·

243 2705 336 2792 derit,
360 2731 456 2796 passo
481 2709 632 2774 damnum
655 2731 807 2790 mercem,
842 2719 874 2774 et
892 2709 1017 2798 judicie
1052 2731 1210 2792 marcam
1241 2711 1297 2796 qui
1321 2731 1398 2774 vero
1420 2711 1479 2774 aine

244 2815 360 2903 apibus
392 2813 566 2880 succiderit
605 2811 765 2896 arborem,
804 2811 942 2880 medinm
977 2836 1117 2879 mercem
1150 2835 1245 2900 paese
1276 2812 1427 2878 damnum
1456 2825 1480 2877 et

240 2920 376 3010 judicio,
399 2919 578 3002 convictae,
603 2918 760 2984 exsolvat.

332 3025 384 3092 30.
408 3024 601 3090 Statnimee:
633 3022 728 3104 Quod
752 3022 888 3111 quilibet
918 3021 1041 3089 habene
1060 3025 1210 3110 jumenta
1225 3023 1381 3090 indomita
1403 3023 1478 3109 equi·

243 3129 305 3212 lie,
337 3139 413 3195 tune
453 3152 473 3194 a
502 3129 584 3194 festo
615 3126 660 3194 St.
694 3127 865 3194 Adalberti
896 3152 996 3217 usque
1027 3128 1069 3194 ed
1099 3129 1217 3194 festum
1249 3128 1296 3194 St
1323 3126 1477 3195 Michaelis

245 3235 305 3301 sub
328 3234 475 3300 custodie
501 3255 633 3322 peeeere
656 3242 823 3316 teneatur3
857 3232 938 3298 aliea
967 3235 1223 3298 aestimationem
1258 3233 1378 3314 damni,
1413 3255 1475 3296 coe

243 3341 349 3405 victur
371 3340 404 3404 in
423 3336 559 3425 judicio,
583 3337 736 3404 damnum
758 3337 900 3403 inferens
924 3337 1064 3416 domino,
1096 3339 1190 3425 eujus
1213 3359 1336 3424 pascua
1358 3337 1476 3424 depasti

245 3455 328 3526 sunt,
352 3443 538 3508 satisfecere
562 3464 633 3506 eum
661 3463 766 3528 poena
796 3437 1016 3526 compellatur,
1043 3439 1170 3528 judicio
1204 3463 1281 3506 vero
1304 3463 1475 3529 properea

245 3570 387 3613 marcam
418 3549 459 3613 ad
490 3544 681 3633 solvendum
715 3547 757 3610 eit
778 3545 970 3627 adstrictum
993 3544 1050 3610 sed
1076 3545 1147 3632 ipsa
1163 3545 1315 3633 jumenta
1337 3546 1475 3612 damnum

244 3675 359 3740 pessus
381 3651 424 3717 ad
447 3631 585 3716 demum'
601 3652 762 3737 propriam
787 3649 907 3736 pellere
930 3671 993 3715 non
1016 3658 1210 3738 praesumat.

335 3757 387 3820 31.
411 3755 623 3821 Decernimuo
637 3755 749 3818 etiarn:
774 3753 870 3836 Quod
889 3753 1083 3841 quicumque
1099 3752 1254 3840 scrophae
1276 3757 1421 3842 propriae
1440 3753 1475 3818 ed

246 3859 417 3946 gletrdmee
433 3857 533 3924 silvae
546 3857 677 3924 alteriue
695 3856 865 3945 depulerit,
883 3857 946 3940 hic,
963 3859 1055 3937 euius
1073 3857 1156 3922 silvo
1178 3857 1283 3941 luerit,
1307 3881 1366 3945 pre
1387 3859 1474 3946 prima

244 3967 316 4030 vice
330 3980 460 4051 pereum
477 3985 583 4041 unum,
600 3962 743 4029 secunde
754 3963 826 4028 viee
837 3964 864 4028 ei
886 3963 1055 4046 invenerit,
1080 3985 1191 4028 omnes
1203 3962 1358 4051 scrophas
1371 3965 1474 4052 poterit

247 4068 366 4156 pellere
399 4068 440 4133 ad
463 4067 592 4133 demum
616 4077 758 4133 nostram
784 4069 886 4153 magis
909 4067 1060 4149 vicinam,
1085 4065 1215 4133 easdem
1237 4068 1406 4134 nobiseum
1428 4087 1473 4153 per

244 4173 383 4238 medium
407 4172 579 4238 divisurus.
610 4172 662 4238 Ita
683 4182 802 4254 tamen,
825 4172 911 4258 quod
936 4169 1130 4259 ubicumque
1154 4171 1337 4258 praedictos
1370 4193 1472 4258 porcos

246 4277 332 4342 infra
354 4297 429 4342 auen
453 4275 569 4341 limites
593 4277 790 4360 mactaverit,
815 4277 943 4361 siguum
960 4279 994 4342 in
1016 4274 1132 4342 arbore
1144 4277 1252 4343 faeere
1269 4287 1430 4358 tenentum
1451 4288 1474 4340 et

247 4382 274 4446 ei
295 4403 370 4467 pers
392 4381 530 4447 adversa
551 4381 679 4464 dixerit,
696 4392 760 4446 non
777 4381 823 4446 ibi
838 4381 939 4446 fuisse
958 4403 1073 4468 porcos
1096 4391 1260 4463 mactetur,
1283 4382 1339 4448 ubi
1360 4383 1474 4467 signum

243 4485 366 4568 fecerit,
378 4495 536 4554 mactator
560 4485 733 4552 eorundem
754 4507 927 4573 percorum
949 4486 983 4550 id
1006 4487 1134 4550 firmare
1157 4485 1287 4572 proprie
1305 4487 1473 4572 juramento

253 4595 407 4658 teneatur.
