3082 5128
214 419 288 491 542
586 433 711 485 xxx111.
731 431 837 485 sesua
854 433 1023 486 wensonis
1041 433 1063 484 1.

212 627 471 704 sionemcausae
494 623 547 689 vel
571 622 794 689 diffinitionem
817 622 903 689 licite
926 623 1157 712 (procedatur).
1192 621 1317 711 Aliquis
1339 633 1474 688 teneus

209 728 417 796 hereditatem
426 727 527 794 tribus
538 728 631 794 annis
645 726 786 794 ettribus
794 727 959 794 mensibus
965 727 1098 816 pacifice
1111 737 1218 794 teneat
1235 729 1475 794 inacternum.

383 933 449 998 Pro
472 931 669 996 conmutatio
692 930 812 996 clorru'm¹
829 930 997 1016 permade
1017 932 1054 996 ia
1070 929 1270 1018 plosoribus.

297 1071 349 1137 25.
371 1069 585 1158 Experientia
606 1091 665 1136 nos
689 1069 826 1154 edocuit,
850 1069 938 1159 quod
958 1069 1152 1158 quandoque
1168 1091 1232 1137 non
1246 1081 1473 1138 contumaces

211 1200 269 1264 pro
293 1175 547 1258 contumacibus,
571 1173 623 1240 vel
646 1175 708 1262 ipsi
725 1184 940 1258 contumaces,
962 1174 1094 1241 modum
1116 1184 1223 1241 tamen
1246 1175 1470 1256 excedentes,

211 1305 270 1368 pro
294 1281 496 1346 contumacia
519 1280 612 1366 quasi
627 1280 804 1366 puniuntur
817 1287 849 1344 et
860 1288 1054 1366 gravantur,
1077 1279 1228 1345 videlicet
1241 1281 1275 1346 in
1290 1303 1339 1362 eo,
1368 1281 1471 1369 quod

211 1409 283 1450 cum
305 1383 414 1472 aliqua
444 1383 521 1450 villa
547 1385 790 1471 impignoratur,
825 1383 881 1449 ubi
905 1407 964 1449 sex
995 1384 1096 1451 boves
1127 1394 1235 1450 essent
1263 1387 1470 1472 recipiendi,

209 1491 312 1556 XXX
326 1489 376 1554 vel
389 1489 452 1553 XL
465 1488 705 1577 recipiebantur
729 1497 761 1552 et
785 1489 817 1552 in
838 1511 902 1555 non
925 1488 1085 1555 modicam
1097 1511 1271 1576 pauperum
1293 1492 1471 1576 oppressi·

209 1618 304 1661 onem
315 1602 347 1658 et
359 1592 536 1659 molestiam
548 1592 784 1658 dividebantur.
807 1593 950 1680 Ideoque
958 1596 1143 1660 statuimus:
1167 1593 1262 1677 Quod
1275 1616 1333 1679 pro
1348 1595 1471 1680 prima

209 1698 411 1764 contumacia
433 1697 605 1784 punienda,
628 1698 848 1763 ministerialis
871 1721 945 1764 cum
967 1697 1094 1764 duobus
1117 1696 1244 1764 famulis
1267 1696 1396 1786 judicis
1422 1699 1467 1764 ed

208 1802 319 1869 villam
342 1802 541 1882 accedentes,
573 1805 656 1866 sicut
677 1801 758 1867 alias
791 1803 1005 1889 praemissum
1039 1813 1097 1886 est,
1134 1805 1161 1868 si
1184 1802 1330 1868 dominus
1353 1803 1471 1869 villae

145 1901 147 1906 ’
209 1905 429 1973 tantummodo
441 1906 538 1971 fuerit
550 1905 730 1993 culpabilis,
755 1907 787 1971 in
800 1906 926 1974 duobus
938 1906 1043 1973 bobus
1059 1906 1228 1972 dumtaxat
1243 1910 1467 1994 pignoretur,

209 2015 236 2076 si
258 2020 366 2076 autem
390 2009 583 2075 kmetbones
600 2013 765 2077 extiterint
786 2009 965 2099 culpabiles
989 2021 1021 2077 et
1043 2013 1132 2078 citati
1154 2021 1372 2096 contumaces,
1406 2015 1469 2100 qui

208 2115 289 2182 libet
318 2137 429 2180 eorum
460 2122 583 2180 tantum
606 2116 638 2180 in
661 2139 726 2181 uno
750 2117 833 2181 bove
863 2117 1107 2202 impignoretur.
1152 2115 1196 2180 Et
1225 2115 1308 2182 idem
1340 2115 1467 2182 decer-

208 2223 313 2285 nimus
332 2221 398 2307 pro'¹
412 2219 552 2284 secunda
569 2221 774 2286 contumacia
795 2243 866 2286 esse
878 2219 1061 2287 faciendum
1075 2230 1107 2285 et
1128 2219 1378 2287 observandum.
1429 2222 1468 2288 Si

208 2335 315 2390 autem
336 2323 431 2388 tertio
454 2323 602 2388 dominus
626 2346 698 2390 cum
712 2322 842 2390 villanis
860 2324 979 2390 fuerint
995 2331 1212 2409 contumaces,
1236 2323 1465 2410 decrevimus,

208 2428 294 2516 quod
318 2436 493 2493 contumax
516 2450 656 2510 causam,
680 2451 738 2516 pro
761 2452 825 2517 qua
847 2428 1025 2495 dinoscitur
1048 2451 1120 2494 esse
1142 2429 1268 2512 citatus,
1290 2429 1417 2516 perdat
1430 2443 1465 2496 et

208 2533 303 2598 cadat
329 2532 370 2598 ab
401 2555 440 2597 ea
468 2555 526 2620 per
550 2533 740 2598 sententiam
771 2533 961 2621 judicantis.
1005 2531 1230 2617 Deolarantcs,
1263 2535 1349 2621 quod
1375 2535 1465 2600 dicti

207 2638 308 2703 boves
331 2639 493 2724 pignorati
514 2661 572 2724 per
593 2639 682 2724 ipsos
701 2637 830 2724 judices
853 2640 888 2703 in
899 2647 1021 2704 aestate
1044 2638 1170 2704 duabus
1194 2639 1398 2726 septimanis,
1427 2641 1462 2706 in

208 2743 313 2808 hieme
336 2764 414 2807 vero
439 2741 553 2807 dicbus
576 2752 648 2808 octo
672 2742 893 2810 observentur.
934 2742 1087 2809 Volentes
1108 2753 1140 2808 et
1162 2745 1376 2830 assignantes,
1405 2746 1463 2810 vel

208 2845 407 2912 declarantes
431 2845 643 2930 decrevimus,
680 2847 764 2936 quod
789 2849 866 2914 dicti
888 2848 988 2914 boves
1011 2851 1174 2936 pignorati
1203 2872 1260 2936 per
1289 2851 1381 2936 ipsos
1402 2851 1463 2938 ju-

207 2951 295 3016 dices
330 2953 399 3016 sine
428 2973 535 3038 poena
564 2951 739 3039 cujuslibet
772 2955 1006 3038 contumaciae,
1039 2953 1260 3020 tantummodo
1293 2953 1392 3019 nobis
1428 2965 1463 3020 et

206 3065 317 3122 nostro
335 3057 440 3143 judici
470 3054 682 3143 applicentur.
728 3057 943 3124 Decernimus
973 3060 1068 3125 etiam
1098 3067 1130 3124 et
1153 3060 1332 3142 statuimus,
1364 3059 1461 3146 quod

208 3161 235 3225 si
258 3160 423 3246 praedicto
440 3160 641 3226 ministeriali
664 3159 815 3249 deputato
831 3185 889 3249 per
907 3163 1053 3251 judicem
1075 3161 1118 3230 ad
1135 3160 1269 3228 eandem
1292 3163 1459 3251 impigno-

207 3266 365 3330 rationcm
389 3287 462 3329 cum
484 3264 607 3330 familia
623 3267 723 3352 ipsius
734 3265 866 3354 judicis,
898 3266 977 3332 villa
993 3266 1195 3354 pignoranda
1208 3289 1268 3354 per
1283 3265 1457 3334 dominum

206 3366 303 3435 villae
338 3379 370 3434 et
391 3367 528 3434 villanos
558 3392 623 3435 non
655 3372 860 3457 permittatur
887 3372 1098 3459 impignoret-i
1123 3375 1221 3462 juxta
1251 3371 1459 3460 praedictam

206 3496 264 3539 seu
275 3473 483 3560 praemissam
496 3474 729 3558 limitationem,
753 3475 807 3541 vel
827 3479 855 3542 si
877 3478 949 3563 ipsa
965 3477 1102 3564 pignora
1114 3475 1222 3543 lrabite
1245 3498 1302 3562 per
1318 3475 1456 3542 eosdem

207 3577 373 3642 dominum
396 3586 452 3643 aut
474 3577 611 3643 villanos
634 3580 668 3643 iu
691 3577 780 3664 villa,
811 3581 865 3646 vel
887 3589 962 3646 ante
985 3579 1104 3666 villam,
1140 3581 1264 3648 sivein
1289 3583 1344 3648 via
1366 3585 1454 3648 reci-

205 3683 336 3768 piantur
358 3682 535 3748 violenter:
558 3682 667 3749 dolum
681 3693 714 3749 et
728 3683 939 3750 rebellionem
957 3709 1068 3753 eorum
1092 3684 1265 3774 puniendo,
1290 3683 1457 3768 volumus,

208 3785 294 3873 quod
309 3807 456 3873 poenam,
480 3810 563 3875 quae
587 3787 763 3875 vulgariter
789 3788 907 3856 dicitur
924 3791 1202 3877 piccaoadzesozc,
1225 3791 1324 3857 iidem
1348 3791 1455 3856 rebel·

207 3891 255 3955 les
288 3890 384 3955 nobis
417 3899 448 3955 ct
473 3891 578 3978 judici
609 3891 734 3958 solvere
768 3901 947 3979 tencantur,
982 3906 1015 3961 et
1044 3893 1251 3962 nihilominus
1284 3919 1358 3961 cum
1387 3896 1457 3960 alia

205 4018 310 4082 poena
329 3995 612 4084 piuczocclzr‘csczu
642 3997 780 4084 pignora
802 3998 960 4085 denegata
988 4001 1038 4064 vel
1061 3997 1219 4066 violenter
1242 3999 1352 4066 ablata
1372 4002 1456 4065 inte-

205 4100 337 4186 graliter
366 4099 540 4166 observare
574 4108 629 4166 aut
661 4103 830 4188 assignare
864 4112 1043 4169 teneantur.
1090 4104 1164 4190 Qui,
1199 4107 1263 4171 nisi
1296 4105 1384 4170 idem
1419 4105 1457 4168 in

204 4203 318 4269 dandis
345 4203 535 4291 pignoribus
564 4207 739 4293 praedictis
775 4208 863 4274 etin
885 4207 1112 4274 satisfaciendo
1143 4208 1183 4274 de
1212 4211 1326 4298 poenis
1357 4232 1452 4296 prae·

203 4309 311 4374 missis
335 4308 455 4374 fuerint
485 4307 588 4376 dolosi
610 4310 663 4377 vel
685 4310 834 4397 rebelles,
868 4313 922 4396 ita,
958 4313 1045 4401 quod
1068 4313 1150 4379 forte
1180 4313 1286 4402 judex
1319 4325 1454 4402 proptor

203 4414 379 4498 potentiam
402 4413 576 4480 eorundem
606 4413 648 4481 ad
670 4414 868 4503 pubiendum
905 4428 936 4484 ct
963 4417 1245 4505 impignorandum
1269 4443 1325 4484 eos
1347 4441 1449 4506 pave·

204 4517 314 4580 suerit:
348 4516 496 4582 volumus
526 4528 559 4584 et
584 4520 796 4605 decernimus,
827 4521 914 4608 quod
946 4544 1059 4609 poena,
1088 4523 1328 4590 siedruidzcsutb
1351 4522 1452 4606 dicta,

211 4627 340 4683 nostrae
363 4640 509 4686 camerae
531 4623 695 4708 punienda
716 4625 767 4691 vel
791 4623 983 4713 applicanda
1012 4627 1194 4714 puniantur.
