3082 5128
237 443 314 518 534
612 457 738 510 xxxm.
753 455 861 546 sumu
878 455 1046 510 wnnoenea
1063 455 1087 507 1.

321 649 371 714 De
393 649 541 737 illisqui
561 650 708 716 recedunt
730 649 902 736 dejudioio
920 669 1002 734 prae
1024 646 1139 734 inopia
1160 657 1190 712 et
1210 645 1390 722 rebellione.

320 781 352 846 4.
397 781 482 862 Quia
505 781 610 846 victus
638 781 754 848 victori
775 788 903 845 tenetur
926 778 1111 844 satisfacere
1125 777 1166 843 de
1200 777 1370 858 evictione,
1397 775 1483 840 alias

234 888 323 974 prius
342 885 382 952 de
400 886 525 974 judicio
549 907 613 952 non
629 883 768 968 recedat,
792 886 853 951 nisi
876 886 965 972 prius
996 883 1139 967 satisdet,
1172 883 1291 969 inquo
1323 890 1372 947 est
1405 902 1481 945 con-

234 991 413 1059 demnatus.
445 989 586 1072 Quidam
607 1013 686 1079 prae
709 993 818 1080 inopia
839 989 893 1056 vel
916 989 1091 1056 rebellione
1113 989 1153 1055 de
1170 988 1296 1078 judicio
1317 983 1483 1052 recedunt

236 1096 448 1179 condemnati,
483 1119 541 1183 pro
575 1095 683 1164 debito
706 1096 892 1163 adversario
916 1095 1036 1161 nullam
1069 1094 1319 1160 satisfactionem
1352 1093 1482 1178 impen-

237 1200 359 1268 dentes.
382 1201 519 1289 Propter
541 1201 629 1288 quod
640 1199 799 1284 volumus,
822 1209 858 1266 nt
870 1200 951 1268 tales
964 1197 1195 1282 inobedientes,
1207 1199 1249 1264 de
1258 1196 1382 1264 malitia
1393 1199 1481 1284 ipso-

237 1327 309 1372 rum
331 1328 396 1376 non
410 1313 613 1394 reportantes
632 1307 846 1389 commodum,
868 1314 1039 1394 postquam
1056 1305 1197 1370 convicti
1208 1303 1327 1368 fuerim
1339 1303 1373 1367 in
1390 1301 1481 1389 judi·

239 1410 300 1494 cio,
323 1409 365 1476 ad
387 1433 643 1478 manussuorum
656 1411 917 1478 adversariorum
931 1408 1201 1496 ligatitrahsntur
1225 1407 1276 1474 vel
1298 1407 1481 1473 mudantur.

238 1513 282 1580 Et
305 1515 333 1580 si
356 1517 390 1581 in
412 1517 597 1604 captivitate
630 1525 797 1582 manentes
820 1516 1001 1601 effugerint,
1025 1538 1045 1581 a
1066 1523 1224 1603 potestate
1246 1515 1389 1600 ipsorum
1414 1515 1481 1578 sint

236 1617 331 1686 liberi
353 1628 386 1688 et
407 1619 504 1688 soluti
524 1623 596 1710 ipso
619 1621 714 1706 iacto,
735 1631 768 1690 st
791 1624 879 1690 omni
902 1622 1021 1706 debito,
1055 1645 1119 1710 quo
1149 1629 1315 1704 tenentur3
1347 1627 1480 1704 praeter
1530 1663 1531 1678 ,

236 1723 380 1790 debitum
402 1725 489 1809 furti,
512 1726 599 1814 quod
622 1749 749 1816 semper
767 1727 975 1794 condemnati
997 1727 1123 1795 solvere
1144 1727 1350 1794 tenebuntur.

604 1914 653 1979 De
675 1917 803 2001 rapinis
827 1925 884 1981 atet
903 1915 1101 2003 pipnorihus.

314 2073 354 2158 Ι5.
378 2072 425 2138 Ut
444 2073 565 2160 rapinis
588 2081 643 2138 aut
665 2074 941 2160 pignorationibus
961 2083 1143 2140 nostrorum
1158 2094 1335 2161 pauperum
1357 2070 1473 2160 aliquis

237 2176 351 2243 modus
373 2175 531 2244 habeatur
552 2185 584 2243 et
606 2175 806 2246 observetur.
840 2177 1088 2244 consueverunt
1107 2185 1214 2243 autem
1236 2179 1326 2242 avari
1342 2177 1471 2265 jndices

240 2291 272 2347 et
314 2303 424 2349 eorum
467 2279 644 2362 officiales,
685 2290 721 2347 ut
751 2305 809 2370 pro
843 2285 956 2371 poenis
989 2285 1025 2348 in
1052 2281 1177 2369 judicio
1211 2281 1310 2369 lapsis
1350 2280 1472 2367 aliquos
1531 2277 1532 2326 ἶ

142 2459 146 2468 ,
235 2408 395 2474 pauperes
418 2385 470 2453 vel
501 2385 627 2452 nobiles
650 2387 877 2474 impignorent,
913 2387 1021 2454 statim
1044 2386 1236 2469 dividentes,
1259 2384 1379 2452 nullam
1403 2407 1471 2469 gre-

238 2492 315 2557 tiam
356 2513 428 2557 cum
470 2491 638 2578 pignorato
680 2490 845 2558 facientes.
891 2491 1084 2558 Statuimus:
1123 2489 1169 2557 Ut
1201 2491 1230 2555 si
1263 2491 1335 2577 quis
1360 2489 1472 2576 judex,

236 2595 420 2683 palatinus,
439 2594 642 2674 castellanus,
673 2605 728 2661 aut
750 2598 894 2684 ipsorum
916 2595 1081 2680 officiales,
1103 2594 1157 2661 vel
1179 2594 1261 2662 alter
1283 2592 1468 2660 malefactor

237 2700 292 2787 qui
305 2723 470 2788 opraroczo
481 2699 608 2786 dicitur,
631 2710 687 2767 aut
698 2699 781 2767 alius
793 2703 996 2790 quicumque,
1019 2724 1077 2788 pro
1099 2703 1212 2788 poenis
1222 2696 1470 2788 judicionalibus

235 2827 295 2892 per
327 2827 382 2870 eos
405 2803 487 2890 latis,
522 2813 579 2870 aut
605 2805 677 2872 aliis
700 2806 900 2891 excessibus,
934 2805 1076 2894 aliquem
1105 2815 1249 2871 nostrum
1271 2806 1469 2890 terrigenam,

236 2908 368 2974 divitem
402 2907 456 2976 vel
486 2932 671 2998 pauperem,
707 2909 849 2978 nobilem
883 2910 937 2978 vel
970 2909 1159 3000 simplicem,
1189 2909 1470 2997 impignoraverint
1532 2917 1533 2944 ¹

236 3012 288 3078 vel
316 3013 473 3101 jusserint
499 3015 725 3102 impignoravi:
759 3018 896 3104 pignora
923 3017 957 3081 in
984 3018 1085 3104 equis,
1120 3015 1298 3104 pecudibus
1327 3023 1384 3080 aut
1404 3013 1469 3078 aliis

237 3117 435 3196 substantiis,
453 3117 708 3208 quibuscumque
720 3124 784 3187 sint
799 3130 939 3209 recepta,
950 3143 1013 3188 non
1021 3119 1255 3204 distribuendo,
1269 3117 1470 3186 distrahendo

236 3220 289 3287 vol
311 3221 528 3307 diminuendo,
559 3225 588 3289 si
616 3223 768 3290 fueritin
795 3227 917 3292 aestivo
940 3235 1093 3314 tempore,
1128 3223 1255 3292 duabus
1287 3223 1468 3312 septimanis

236 3327 380 3412 integris,
404 3327 431 3392 si
453 3337 560 3394 autem
583 3330 616 3395 in
639 3328 780 3412 hiemali,
803 3340 875 3398 octo
898 3330 1012 3398 diebus
1042 3330 1166 3397 illibata
1188 3353 1246 3417 per
1267 3329 1469 3416 recipientem

236 3429 354 3498 debent
376 3431 552 3518 observari,
580 3436 649 3501 sive
666 3438 755 3524 juste
780 3439 942 3525 pignorati
967 3436 1085 3503 tuerint
1118 3435 1171 3502 vel
1193 3433 1338 3502 indebite
1359 3433 1469 3500 inerim

236 3535 367 3622 rapinae
378 3558 437 3623 pcr
459 3541 726 3607 eosoommissae.
756 3541 888 3608 Extunc
901 3564 958 3630 per
979 3540 1070 3607 illum
1092 3552 1219 3629 autper
1234 3539 1317 3624 illos,
1340 3559 1468 3626 quorum

235 3639 288 3706 vel
301 3641 393 3728 cujus
415 3651 491 3709 sunt
516 3643 663 3730 pignora,
675 3667 734 3733 pro
757 3649 935 3714 commissis
947 3647 1060 3734 poenis
1072 3669 1135 3713 non
1158 3645 1313 3712 fueritin
1334 3644 1407 3727 illis,
1420 3641 1467 3728 qui

235 3745 545 3832 impignoravcrunt,
576 3747 785 3832 satisfactum,
814 3749 868 3818 vel
890 3773 980 3816 suam
1002 3752 1218 3818 innocentiam
1241 3771 1307 3816 non
1330 3747 1468 3814 ostende

237 3849 319 3916 rint:
340 3847 463 3917 licitum
488 3853 530 3916 sit
551 3853 795 3940 pignorantibus
813 3855 870 3922 illa
885 3853 1065 3922 distrahere
1080 3865 1112 3922 et
1123 3854 1279 3940 dividere,
1302 3877 1362 3942 pro
1374 3853 1469 3920 libera

239 3955 381 4041 ipsorum
404 3955 578 4023 voluntate.
617 3956 660 4023 Et
682 3959 710 4024 si
732 3958 813 4026 tales
830 3960 960 4049 judices
982 3959 1116 4027 autulii
1138 3962 1287 4048 superius
1310 3959 1468 4040 nominati,

238 4079 349 4124 eorum
372 4061 528 4127 avaritiae
557 4085 622 4128 non
645 4074 825 4150 parcentes,
860 4066 945 4131 infre
965 4063 1132 4154 praedicta
1160 4075 1306 4154 tempora
1336 4066 1418 4131 inter
1438 4087 1468 4128 se

239 4162 408 4229 diviserint
436 4175 492 4232 aut
521 4165 761 4254 dissipaverint,
795 4168 966 4237 ueletiam
996 4171 1209 4237 alienaverint
1231 4193 1331 4238 unum
1358 4167 1468 4236 animal

239 4266 281 4332 de
302 4267 493 4354 praedictis:
526 4269 678 4338 damnum
701 4295 805 4360 passo,
834 4275 931 4362 juxte
952 4273 1098 4343 valorem
1126 4273 1274 4343 animalis
1304 4274 1467 4362 deperditi,

239 4372 326 4458 quod
363 4395 421 4439 sno
459 4375 683 4462 comprobabit
717 4389 927 4464 sacramento,
963 4401 1036 4446 cum
1069 4401 1175 4468 poena
1208 4382 1467 4468 picaenum

236 4477 404 4544 restituere
435 4478 639 4546 tenebuntur.
677 4519 719 4532 ·-
755 4483 827 4548 Hoc
849 4493 1003 4550 statutum
1027 4485 1166 4568 salubre,
1196 4495 1332 4572 propter
1353 4495 1467 4552 nosue

236 4601 308 4644 rum
349 4593 592 4666 procuratorum
630 4589 776 4672 rapinam
813 4611 998 4675 enormem,
1040 4613 1137 4677 quam
1175 4593 1304 4680 saepius
1332 4593 1467 4659 commit·
1532 4653 1533 4664 ,
