3082 5128
465 381 588 436 xxxw.
609 383 716 435 sumu
731 382 901 434 walnensis
917 383 953 436 11.
1260 367 1334 438 579

66 571 102 636 in
131 572 285 638 alterius
301 571 380 638 villa
397 571 519 638 furtum
540 573 654 638 fecerit
675 573 708 638 in
721 572 805 654 lacu,
828 571 961 659 piscina,
980 567 1032 636 vel
1056 569 1087 634 in
1111 593 1197 658 aqua
1209 570 1334 657 fluenti,
1377 585 1380 590 '

66 679 104 740 in
131 677 245 743 foeno
269 677 483 743 estrumento
506 678 540 742 in
556 677 698 765 campis:
717 677 841 763 judicio
866 676 1034 741 convictus
1057 673 1210 741 damnum
1235 675 1332 762 passo

66 781 292 867 satisfacere,
315 790 349 847 et
371 780 511 865 domino,
536 784 629 871 cujus
652 781 749 848 homo
771 781 892 846 butum
913 779 1001 863 fecit,
1023 780 1093 867 ipse
1115 779 1167 844 fur
1190 802 1332 846 marcam

66 909 280 971 grossorum
293 885 420 952 solvere
433 895 588 952 tensamr.
614 886 835 974 Depsecentes
848 905 928 950 vero
941 894 973 950 et
985 883 1164 951 incidentes
1176 885 1333 970 gramina,

67 993 104 1055 in
125 990 227 1058 falce
246 990 299 1057 vol
312 991 420 1079 pallio,
441 998 473 1056 et
483 989 662 1056 incidentes
681 990 770 1076 ligna
786 991 819 1055 in
837 988 979 1056 dominio
996 989 1138 1071 alterius,
1161 989 1195 1054 in
1230 990 1335 1054 securi
1397 999 1400 1006 ’

69 1095 318 1161 tantummodo
341 1095 568 1182 pignorentur3
592 1097 728 1183 pignora
749 1117 827 1161 vero
850 1093 1025 1182 praedicta,
1048 1095 1076 1158 si
1098 1094 1274 1180 pignorare
1297 1115 1335 1190 ea

70 1201 247 1267 servandi
264 1201 321 1290 jus
342 1221 407 1266 non
430 1198 588 1282 babuerit,
611 1199 738 1266 deferre
760 1209 907 1266 teneatur
929 1199 969 1265 ad
994 1197 1160 1285 proprium
1178 1196 1334 1285 judicem.

177 1332 232 1401 25.
254 1331 436 1398 Usurarum
452 1333 651 1418 voraginem,
668 1352 752 1419 quas
768 1330 938 1397 facultates
953 1328 1111 1412 exhaurit,
1129 1350 1333 1418 compescere

72 1438 270 1524 cupientes,
295 1435 464 1502 statuimus
488 1437 602 1501 etiam:
628 1433 724 1518 Quod
735 1434 855 1502 Judaei
877 1444 1059 1501 nostrarum
1083 1434 1251 1500 civitatum
1273 1456 1332 1521 por

77 1543 310 1628 septimanam
333 1563 399 1608 non
420 1539 493 1627 plus
517 1539 558 1606 dc
579 1563 679 1606 usura
701 1540 869 1627 recipiant,
904 1541 967 1607 nisi
989 1549 1115 1608 tantum
1139 1560 1237 1605 mum
1261 1560 1332 1624 gro-

78 1669 164 1712 sum
190 1669 211 1712 a
233 1668 351 1712 marca.

178 1770 230 1836 26.
255 1769 362 1850 Quum
384 1766 610 1834 ministeriales
645 1789 704 1855 per
726 1777 829 1833 terres
851 1769 996 1853 girantes
1023 1789 1184 1856 pauperes
1214 1765 1333 1832 milites

82 1883 119 1936 et
132 1872 233 1939 villos
246 1872 469 1959 religiosorum
480 1871 634 1958 fatigandi
648 1881 681 1938 et
695 1872 837 1939 vexandi
860 1872 1085 1940 adinvenerint
1095 1871 1208 1938 modos
1221 1871 1333 1958 exqui-

84 1977 183 2060 sitos,
195 1978 242 2042 ita
254 1976 340 2065 quod
360 1977 388 2041 si
399 1975 515 2064 aliquis
528 1975 660 2043 inferior
675 1973 767 2068 miles
784 2000 841 2042 eeu
856 1975 993 2065 alicujus
1001 1975 1097 2042 villae
1107 1999 1264 2064 pauperes
1276 1976 1332 2041 mi-

84 2079 163 2147 lites
175 2091 234 2147 aut
244 2079 341 2146 villae
352 2079 577 2166 religiosorum
592 2103 647 2146 eos
659 2104 717 2170 pro
725 2080 927 2169 beneplacito
944 2105 1054 2147 eorum
1070 2080 1268 2168 quibuslibet
1279 2075 1333 2146 err-

84 2187 202 2271 pensis
211 2185 785 2274 nonprotractantneeprocurant,hii
796 2185 881 2252 idem
890 2183 1335 2274 ministerialesipsosmilites

84 2312 320 2380 pauperesseu
342 2289 480 2356 villanos
503 2290 573 2356 sine
586 2290 680 2378 culpa
707 2291 820 2356 etsine
843 2314 941 2357 causa
964 2303 995 2356 et
1016 2291 1138 2379 absque
1161 2299 1332 2378 praecepto

87 2396 205 2476 citant,
237 2395 438 2460 occasionem
463 2397 647 2462 vexationis
677 2394 837 2476 faciendo,
862 2397 1015 2462 terminos
1045 2418 1103 2483 pro
1127 2393 1221 2460 libitu
1256 2416 1332 2458 suae

87 2499 270 2565 voluntatis
291 2501 492 2586 assignantes
508 2509 539 2565 ot
552 2509 738 2583 statuentes,
755 2511 787 2566 et
799 2503 846 2566 sic
871 2501 957 2566 idem
965 2522 1133 2589 pauperes,
1146 2497 1263 2564 milites
1277 2521 1335 2563 seu

87 2603 217 2686 villani,
226 2625 290 2670 nou
302 2601 446 2669 valentes
458 2603 618 2670 redimere
632 2605 837 2671 vexationem
854 2605 1041 2692 saepissime
1054 2604 1094 2670 de
1105 2612 1193 2670 corta
1208 2625 1334 2668 summa

86 2707 251 2794 pecuniae
274 2717 469 2794 componunt
491 2731 563 2774 cum
587 2709 724 2775 eisdem:
766 2708 851 2775 unde
874 2732 933 2775 noa
957 2709 1140 2798 hujusmodi
1167 2707 1331 2774 vexationi

87 2811 240 2878 volentes
252 2809 395 2895 obviare,
407 2813 592 2877 statuimus:
617 2812 713 2895 Quod
737 2813 888 2900 deinceps
906 2812 1131 2879 ministeriales
1145 2813 1205 2878 sub
1227 2834 1332 2900 poene

88 2917 283 3002 privationis
322 2919 371 2982 sui
410 2915 671 2983 ministerialatus
712 2929 744 2984 et
776 2917 967 3005 spoliatione
1000 2919 1141 2984 omnium
1172 2916 1331 2983 bonorum

88 3042 236 3098 suorum,
251 3019 374 3108 absque
397 3021 530 3109 speciali
545 3022 696 3089 mandato
712 3021 834 3111 judicis
856 3021 995 3110 aliquam
1019 3023 1210 3088 citationem·
1224 3021 1330 3086 iacere

89 3147 157 3190 non
180 3135 404 3213 praesumaut5
434 3125 514 3192 alias
545 3127 572 3192 si
603 3127 800 3214 praedictam
824 3149 961 3214 poenam
990 3149 1055 3193 non
1077 3124 1330 3202 formidaverint,

90 3230 286 3318 deponatur.

181 3351 233 3416 27.
254 3349 405 3419 ceterum
420 3352 606 3420 statuimus:
620 3352 716 3436 Quod
728 3356 990 3442 quotiescumque
1001 3352 1135 3442 aliquos,
1145 3353 1331 3440 cujuscum-

88 3478 153 3543 que
166 3464 267 3520 status
281 3456 334 3522 vel
353 3456 546 3524 conditionis
559 3458 912 3542 existant,contendero
935 3459 1115 3544 contigerit,
1137 3467 1171 3523 et
1191 3454 1330 3521 famulus

89 3559 259 3625 dominum
282 3583 375 3626 suum
394 3560 551 3650 juvando,
575 3572 726 3650 exempto
748 3563 856 3651 gladio
879 3562 932 3628 vol
955 3561 1085 3630 cultello
1108 3560 1330 3628 vulneraverit

88 3663 244 3752 aliquem,
277 3686 336 3750 pro
366 3687 404 3730 oo
436 3665 691 3752 indignationem
734 3665 897 3734 vulnerati
930 3666 983 3735 vel
1018 3668 1193 3734 amicorum
1227 3665 1328 3752 ipsius

88 3766 294 3855 aliquatenus
328 3792 394 3835 non
427 3771 580 3854 incurrat,
612 3770 685 3860 (sed
716 3770 864 3838 dominus
895 3793 981 3854 suus,
1005 3769 1132 3859 quando
1156 3767 1327 3858 culpabilis

90 3871 197 3952 suerit,
220 3874 394 3960 impetatur
415 3896 475 3962 pro
498 3873 642 3958 vulnere,
661 3875 786 3964 judicio
809 3874 995 3963 mediante).

179 3995 231 4060 28.
256 3996 433 4062 Stsbrimus
447 3997 594 4084 insuper:
619 3997 715 4080 Quod
729 3999 926 4065 interficiens
939 3998 1129 4065 indomitum
1140 3999 1322 4086 jumentum

95 4100 339 4188 cujuscumque,
373 4111 511 4188 quatuor
533 4125 667 4188 marcas,
703 4100 872 4189 poledrum
904 4124 981 4168 vero
1016 4103 1222 4186 interficiens,
1256 4113 1321 4166 tros

92 4225 235 4286 marcas;
259 4214 292 4270 et
314 4205 369 4270 ubi
389 4209 571 4292 jumentum
598 4206 651 4272 vel
673 4207 749 4286 ictu,
782 4205 834 4272 vel
857 4205 963 4295 plaga,
994 4230 1052 4274 seu
1074 4205 1171 4293 culpa
1191 4204 1329 4293 alicujus

92 4306 242 4374 aborsum
264 4308 386 4392 fecerit,
410 4333 551 4378 marcam
575 4333 647 4378 cum
671 4311 787 4396 media,
810 4321 843 4378 et
863 4335 923 4400 pro
947 4310 1078 4398 poledro
1095 4309 1230 4377 secundi
1252 4311 1331 4375 anni

93 4413 233 4499 quinque
255 4435 380 4480 marcas
415 4413 600 4503 hujusmodi
646 4418 744 4483 ictum
778 4415 832 4483 vel
864 4417 994 4504 plagam
1028 4416 1168 4482 inferens
1201 4412 1326 4481 solvere

94 4526 243 4583 teneatur,
279 4516 343 4584 Ubi
365 4541 443 4585 vero
466 4521 563 4606 tertii,
587 4523 701 4609 quarti,
726 4523 840 4609 quinti,
876 4520 929 4590 vel
952 4523 1036 4588 sexti
1059 4521 1135 4586 anni
1157 4517 1328 4609 poledrum

1051 4607 1119 4682 73*
