3082 5128
76 415 79 421 '
192 398 266 470 592
607 407 718 462 XXXV.
736 407 842 460 Statuta
860 405 1019 485 Wartsneia.

188 600 260 666 aliis
284 601 465 665 clausuram
489 598 687 686 praedictam
710 597 846 685 aperire.
868 597 912 661 Et
933 599 1011 683 quia
1033 619 1076 662 ex
1098 597 1179 661 actis
1202 595 1385 683 praedictis
1410 606 1444 658 et

188 705 271 771 libro
295 701 442 770 nonnulli
464 703 585 769 habere
607 703 718 768 literas
742 711 774 766 et
796 701 968 766 extrahere
991 701 1053 766 nisi
1075 710 1220 790 ternpore
1244 699 1358 766 debito
1388 723 1445 764 cu·

189 813 299 897 piunt:
322 817 493 896 eapropter
504 806 742 894 providendum
758 815 817 888 est,
842 805 928 892 quod
950 804 1052 893 judex
1069 803 1201 870 debebit
1213 827 1272 892 per
1291 802 1446 869 ministe-

190 911 304 978 r'ialem
315 910 454 998 publice,
468 911 596 997 quando
611 933 691 999 opus
704 910 830 992 viderit,
853 909 960 975 lacere
976 907 1179 997 proclamari,
1204 909 1292 996 quod
1319 909 1354 972 in
1380 907 1445 971 tali

190 1016 340 1081 districtu
362 1024 395 1080 et
417 1013 487 1081 loco
511 1024 543 1080 et
565 1015 628 1100 die,
651 1013 735 1081 liber
757 1017 826 1082 aive
850 1021 932 1094 acta,
966 1013 1009 1080 ad
1042 1011 1278 1079 extrahendum
1313 1011 1443 1094 literas,

191 1119 448 1208 quibuscumque
472 1142 527 1186 eas
549 1119 669 1186 babere
692 1117 919 1185 affectantibus
942 1127 1132 1205 exponetur.

276 1249 367 1316 XIV.
408 1249 455 1316 De
477 1251 623 1315 terminis
647 1259 755 1314 autem
778 1245 1035 1335 partIeularibuS‚
1068 1246 1248 1335 sumptibus
1272 1255 1305 1312 et
1328 1269 1438 1312 vexa-

191 1357 333 1422 tionibus
356 1363 541 1422 nostrorum
552 1376 731 1442 pauperum
744 1351 882 1417 militum
902 1353 1144 1438 compatientes,
1157 1350 1263 1416 taliter
1276 1349 1442 1416 duximus

188 1459 440 1549 providendum:
464 1458 560 1540 Quod
582 1457 720 1544 praefati
743 1457 871 1521 termini
883 1455 1094 1542 particulares
1118 1479 1184 1520 non
1206 1455 1338 1542 pluries,
1364 1457 1439 1520 nisi

189 1563 290 1630 semel
312 1563 397 1628 infra
417 1583 562 1627 mensem
587 1563 620 1626 in
649 1560 795 1648 quolibet
828 1559 978 1625 districtu
1001 1581 1059 1624 seu
1077 1559 1315 1646 jurisdictione,
1351 1558 1444 1626 elias

189 1669 326 1756 powutt,
360 1665 560 1749 habeantur,
595 1664 628 1729 in
652 1663 771 1750 quibus
795 1664 965 1728 camerarii
983 1661 1131 1749 judicum
1162 1672 1194 1727 et
1214 1662 1444 1752 subjudicum,

190 1782 223 1838 et
251 1770 308 1836 alii
330 1769 392 1835 duo
416 1769 596 1850 camerarii,
632 1767 785 1833 videlicet
807 1765 942 1854 palatini
966 1777 998 1832 et
1025 1767 1266 1844 subcamerarii,
1289 1766 1443 1854 eligendi

189 1897 248 1962 per
270 1873 401 1939 eosdem
424 1873 465 1938 ad
488 1871 560 1938 illos
584 1871 813 1959 adjungantur,
850 1871 920 1936 sine
944 1869 1062 1956 quibus
1080 1870 1203 1957 judicis
1227 1880 1259 1935 et
1288 1869 1443 1958 subjudi-

190 1979 236 2044 cis
260 1977 428 2044 camerarii
461 1998 526 2042 non
549 1969 691 2041 habeant
707 1973 878 2062 judicandi
909 1973 1104 2042 facultatem.
1149 1974 1311 2040 Praedicti
1335 1977 1443 2040 etiam

191 2082 359 2148 camerarii
394 2103 452 2144 seu
488 2079 643 2145 officiales
670 2078 786 2166 judicii
816 2079 864 2143 sic
896 2078 1013 2162 locati,
1048 2101 1116 2142 non
1149 2076 1314 2145 debebunt
1348 2077 1439 2143 alias

191 2209 314 2266 causas,
330 2185 393 2250 nisi
403 2184 560 2271 proprias,
583 2206 766 2270 procurare,
791 2181 911 2272 [velud
923 2181 1161 2270 procurandum
1185 2207 1220 2247 se
1243 2182 1437 2272 dejudicio]

191 2312 296 2356 evare.
328 2289 372 2354 Et
393 2287 513 2353 bonum
535 2285 729 2373 compluries
752 2296 784 2350 et
806 2285 987 2352 consultum
1011 2287 1194 2369 videretur,
1219 2287 1307 2372 quod
1323 2285 1437 2373 judex

191 2391 243 2459 vel
278 2391 442 2479 subjudex
469 2389 717 2477 particularibus
748 2385 893 2455 terminis
926 2389 1149 2476 personaliter,
1190 2412 1263 2454 cum
1297 2389 1440 2476 possint,

191 2495 409 2584 praesideant,
432 2495 516 2558 sicut
538 2497 571 2560 in
594 2493 708 2580 llajori
732 2491 869 2558 Polonia
890 2503 940 2559 est
962 2501 1160 2558 consuetum.

276 2625 351 2692 XV.
385 2624 551 2691 Officiales
573 2635 682 2690 autem
715 2623 767 2688 vel
793 2627 971 2706 camerarii,
1006 2646 1063 2688 sou
1081 2623 1212 2710 judices
1229 2623 1431 2710 judiciorum

191 2731 434 2818 particularium
463 2751 528 2794 non
558 2727 724 2794 debebunt
754 2751 774 2793 a
805 2729 911 2794 causis
942 2728 1129 2811 minoribus,
1158 2749 1238 2814 quas
1261 2749 1365 2814 nsque
1386 2725 1434 2792 ad

191 2834 445 2900 extenditionem
468 2833 602 2917 triginta
622 2853 805 2898 marcarum
828 2843 860 2896 et
880 2831 963 2896 infra
985 2840 1218 2918 computamus,
1230 2853 1289 2916 pro
1312 2853 1435 2896 memo·

190 2938 262 3004 riali
294 2959 358 3003 non
393 2936 465 3024 plus
495 2959 592 3022 quam
616 2935 696 3000 duos
720 2957 849 3021 grossos
874 2937 1038 3023 recipere;
1072 2959 1092 3000 a
1121 2934 1297 3021 majoribus
1326 2945 1436 2998 autem

191 3042 307 3124 causis,
331 3063 421 3128 ¹quae
455 3039 540 3106 ultra
568 3041 702 3126 triginta
731 3063 857 3106 marcas
881 3064 916 3106 se
948 3039 1136 3126 extendunt,
1169 3061 1228 3126 pro
1256 3039 1436 3104 memoriali

191 3155 330 3235 quatuor
351 3167 482 3232 pessos
504 3144 685 3232 reeipiendi
707 3144 847 3210 habeant
869 3152 1072 3231 potestatem·

277 3273 371 3340 XVI.
406 3273 578 3339 Provisum
601 3283 650 3339 est
671 3275 814 3360 insuper,
837 3274 927 3360 quod
948 3283 1023 3360 post
1050 3295 1313 3359 unamquamque
1335 3295 1437 3358 quae·

192 3379 327 3444 stionem
352 3401 459 3444 coram
485 3377 610 3465 judicio
638 3379 830 3464 expositam,
864 3378 945 3443 alias
975 3377 1088 3444 {aloto
1119 3377 1250 3455 dictam,
1281 3377 1309 3442 si
1338 3377 1436 3441 etiam

190 3482 299 3570 plures
322 3505 478 3569 personae
507 3482 635 3563 firerint
670 3504 728 3568 pro
751 3492 842 3568 parte
874 3505 1009 3570 quarum
1043 3504 1106 3548 una
1139 3482 1286 3569 quaestio
1318 3481 1437 3567 agitur,

191 3609 256 3653 non
278 3586 351 3672 plus
374 3587 437 3652 nisi
460 3608 559 3654 uuum
581 3585 772 3652 memoriale
794 3587 955 3672 exigatur.

276 3714 383 3782 XVII.
417 3714 567 3780 Relatum
589 3726 639 3781 est
653 3716 758 3798 nobis,
782 3716 869 3802 quod
893 3717 1053 3803 capitanei
1064 3725 1224 3781 terrenam
1247 3724 1432 3780 nostrarum

127 3897 129 3902 ,
192 3823 405 3888 communiter
428 3841 542 3885 causas
567 3841 799 3907 quascumque,
833 3841 917 3906 quae
939 3821 1072 3885 minime
1099 3819 1142 3884 ad
1164 3817 1296 3885 eosdem
1319 3818 1432 3884 dinos-

163 3975 166 3982 .
189 3933 304 3991 orantur
324 3925 495 4012 pertinere,
503 3923 653 4012 judicant
665 3935 697 3988 et
709 3925 904 3989 sententiant
926 3934 958 3989 et
981 3924 1178 3990 discernuat.
1202 3923 1359 3990 Volentes
1371 3924 1431 4009 igi-

191 4041 243 4095 tur
263 4029 343 4118 ipsis
366 4029 534 4115 imponere
558 4027 689 4093 modum
706 4028 888 4115 judicandi,
913 4027 1136 4094 decernimus:
1160 4027 1258 4109 Quod
1272 4027 1433 4116 capitanei

190 4143 349 4200 terrarum
370 4141 554 4198 nostrarum
577 4155 643 4197 non
667 4131 808 4197 debeant
830 4131 911 4197 alias
934 4155 1049 4198 causas
1070 4141 1199 4220 praeter
1210 4131 1434 4218 infrascriptos

191 4235 342 4302 articulos
361 4235 522 4325 judicare,
546 4234 709 4318 videlicet,
733 4258 792 4323 pro
815 4236 971 4302 violentia
991 4237 1204 4318 feminarum
1227 4231 1434 4322 prodeprae·

192 4339 322 4406 datione
337 4349 457 4406 stratae
469 4339 640 4428 publicae3
664 4363 723 4429 pro
741 4339 891 4406 incendio
906 4350 939 4405 et
949 4341 1148 4406 immissione
1164 4340 1265 4424 ignis3
1290 4361 1347 4425 pro
1366 4337 1431 4402 vio·

191 4443 291 4508 lentie
314 4443 467 4508 domicilii
492 4443 647 4532 alicujus;
671 4465 730 4530 pro
753 4445 932 4513 invasione.
960 4444 1108 4510 Aliarum
1131 4453 1238 4509 autem
1262 4462 1428 4507 causarum

194 4546 327 4610 minime
346 4545 517 4633 judicandi
541 4545 684 4612 habeant
705 4546 903 4615 facultatem.
