<?xml version="1.0" encoding="UTF-8"?>
<!DOCTYPE html PUBLIC "-//W3C//DTD XHTML 1.0 Transitional//EN"
    "http://www.w3.org/TR/xhtml1/DTD/xhtml1-transitional.dtd">
<html xmlns="http://www.w3.org/1999/xhtml" xml:lang="en" lang="en">
 <head>
  <title>
</title>
<meta http-equiv="Content-Type" content="text/html;charset=utf-8" />
  <meta name='ocr-system' content='tesseract 3.04.00' />
  <meta name='ocr-capabilities' content='ocr_page ocr_carea ocr_par ocr_line ocrx_word'/>
</head>
<body>
  <div class='ocr_page' id='page_1' title='image "./svodzkonuvslova00jiregoog/svodzkonuvslova00jiregoog_0607.png"; bbox 0 0 3082 5128; ppageno 0'>
   <div class='ocr_carea' id='block_1_1' title="bbox 228 375 1083 448">
    <p class='ocr_par' dir='ltr' id='par_1_1' title="bbox 228 375 1083 448">
     <span class='ocr_line' id='line_1_1' title="bbox 228 375 1083 448; baseline -0.013 -2"><span class='ocrx_word' id='word_1_1' title='bbox 228 375 303 448; x_wconf 82' lang='lat'><strong>560</strong></span> <span class='ocrx_word' id='word_1_2' title='bbox 612 387 738 438; x_wconf 84' lang='lat' dir='ltr'><strong>xxxm.</strong></span> <span class='ocrx_word' id='word_1_3' title='bbox 756 385 862 438; x_wconf 77' lang='lat' dir='ltr'><strong>suruu</strong></span> <span class='ocrx_word' id='word_1_4' title='bbox 879 385 1046 437; x_wconf 69' lang='lat' dir='ltr'><strong>varensem</strong></span> <span class='ocrx_word' id='word_1_5' title='bbox 1062 385 1083 436; x_wconf 88' lang='lat'><strong>1.</strong></span> 
     </span>
    </p>
   </div>
   <div class='ocr_carea' id='block_1_2' title="bbox 226 572 1464 1496">
    <p class='ocr_par' dir='ltr' id='par_1_2' title="bbox 226 572 1464 1496">
     <span class='ocr_line' id='line_1_2' title="bbox 230 572 1463 664; baseline -0.006 -20"><span class='ocrx_word' id='word_1_6' title='bbox 230 577 325 644; x_wconf 87' lang='lat' dir='ltr'><strong>etad</strong></span> <span class='ocrx_word' id='word_1_7' title='bbox 347 578 488 664; x_wconf 88' lang='lat' dir='ltr'><strong>inopiam</strong></span> <span class='ocrx_word' id='word_1_8' title='bbox 513 576 651 660; x_wconf 89' lang='lat' dir='ltr'><strong>deducti,</strong></span> <span class='ocrx_word' id='word_1_9' title='bbox 681 575 923 664; x_wconf 89' lang='lat' dir='ltr'><strong>utplurimum,</strong></span> <span class='ocrx_word' id='word_1_10' title='bbox 957 574 998 638; x_wconf 89' lang='lat' dir='ltr'><strong>ad</strong></span> <span class='ocrx_word' id='word_1_11' title='bbox 1021 575 1101 640; x_wconf 90' lang='lat' dir='ltr'><strong>vitia</strong></span> <span class='ocrx_word' id='word_1_12' title='bbox 1122 575 1284 641; x_wconf 78' lang='lat' dir='ltr'><strong>deteriora</strong></span> <span class='ocrx_word' id='word_1_13' title='bbox 1305 572 1463 643; x_wconf 86' lang='lat' dir='ltr'><strong>labuntur,</strong></span> 
     </span>
     <span class='ocr_line' id='line_1_3' title="bbox 229 677 1462 770; baseline -0.005 -23"><span class='ocrx_word' id='word_1_14' title='bbox 229 689 361 770; x_wconf 89' lang='lat' dir='ltr'><strong>propter</strong></span> <span class='ocrx_word' id='word_1_15' title='bbox 382 703 465 770; x_wconf 86' lang='lat' dir='ltr'><strong>quae</strong></span> <span class='ocrx_word' id='word_1_16' title='bbox 478 679 557 746; x_wconf 90' lang='lat' dir='ltr'><strong>ultio</strong></span> <span class='ocrx_word' id='word_1_17' title='bbox 575 679 751 768; x_wconf 89' lang='lat' dir='ltr'><strong>judicialis,</strong></span> <span class='ocrx_word' id='word_1_18' title='bbox 770 681 868 767; x_wconf 85' lang='lat' dir='ltr'><strong>juxta</strong></span> <span class='ocrx_word' id='word_1_19' title='bbox 888 681 1032 766; x_wconf 87' lang='lat' dir='ltr'><strong>ipsorum</strong></span> <span class='ocrx_word' id='word_1_20' title='bbox 1054 677 1220 762; x_wconf 81' lang='lat' dir='ltr'><strong>demerita,</strong></span> <span class='ocrx_word' id='word_1_21' title='bbox 1244 677 1371 745; x_wconf 84' lang='lat' dir='ltr'><strong>anobis</strong></span> <span class='ocrx_word' id='word_1_22' title='bbox 1389 699 1462 742; x_wconf 87' lang='lat' dir='ltr'><strong>eon-</strong></span> 
     </span>
     <span class='ocr_line' id='line_1_4' title="bbox 229 779 1464 868; baseline -0.006 -17"><span class='ocrx_word' id='word_1_23' title='bbox 229 785 336 851; x_wconf 89' lang='lat' dir='ltr'><strong>snevit</strong></span> <span class='ocrx_word' id='word_1_24' title='bbox 362 785 396 850; x_wconf 91' lang='lat' dir='ltr'><strong>in</strong></span> <span class='ocrx_word' id='word_1_25' title='bbox 417 783 535 851; x_wconf 89' lang='lat' dir='ltr'><strong>talibus</strong></span> <span class='ocrx_word' id='word_1_26' title='bbox 565 785 719 850; x_wconf 76' lang='lat' dir='ltr'><strong>exerceri.</strong></span> <span class='ocrx_word' id='word_1_27' title='bbox 759 783 804 849; x_wconf 85' lang='lat' dir='ltr'><strong>Et</strong></span> <span class='ocrx_word' id='word_1_28' title='bbox 824 782 867 848; x_wconf 91' lang='lat' dir='ltr'><strong>ad</strong></span> <span class='ocrx_word' id='word_1_29' title='bbox 889 783 950 848; x_wconf 89' lang='lat' dir='ltr'><strong>hoe</strong></span> <span class='ocrx_word' id='word_1_30' title='bbox 980 782 1100 849; x_wconf 87' lang='lat' dir='ltr'><strong>malum</strong></span> <span class='ocrx_word' id='word_1_31' title='bbox 1123 783 1297 864; x_wconf 82' lang='lat' dir='ltr'><strong>vitandum,</strong></span> <span class='ocrx_word' id='word_1_32' title='bbox 1325 790 1358 847; x_wconf 90' lang='lat' dir='ltr'><strong>et</strong></span> <span class='ocrx_word' id='word_1_33' title='bbox 1379 779 1464 868; x_wconf 91' lang='lat' dir='ltr'><strong>quod</strong></span> 
     </span>
     <span class='ocr_line' id='line_1_5' title="bbox 229 885 1463 972; baseline -0.003 -18"><span class='ocrx_word' id='word_1_34' title='bbox 229 890 332 956; x_wconf 90' lang='lat' dir='ltr'><strong>nostri</strong></span> <span class='ocrx_word' id='word_1_35' title='bbox 354 887 473 954; x_wconf 76' lang='lat' dir='ltr'><strong>milites</strong></span> <span class='ocrx_word' id='word_1_36' title='bbox 493 887 629 972; x_wconf 88' lang='lat' dir='ltr'><strong>nobiles,</strong></span> <span class='ocrx_word' id='word_1_37' title='bbox 651 888 750 954; x_wconf 88' lang='lat' dir='ltr'><strong>rebus</strong></span> <span class='ocrx_word' id='word_1_38' title='bbox 771 886 983 972; x_wconf 73' lang='lat' dir='ltr'><strong>abundantes,</strong></span> <span class='ocrx_word' id='word_1_39' title='bbox 1000 888 1180 953; x_wconf 75' lang='lat' dir='ltr'><strong>strenuitati</strong></span> <span class='ocrx_word' id='word_1_40' title='bbox 1206 885 1318 968; x_wconf 89' lang='lat' dir='ltr'><strong>dediti,</strong></span> <span class='ocrx_word' id='word_1_41' title='bbox 1341 907 1397 972; x_wconf 87' lang='lat' dir='ltr'><strong>pro</strong></span> <span class='ocrx_word' id='word_1_42' title='bbox 1412 885 1463 950; x_wconf 80' lang='lat' dir='ltr'><strong>de</strong></span> 
     </span>
     <span class='ocr_line' id='line_1_6' title="bbox 228 989 1462 1080; baseline -0.004 -22"><span class='ocrx_word' id='word_1_43' title='bbox 228 994 373 1060; x_wconf 87' lang='lat' dir='ltr'><strong>fensione</strong></span> <span class='ocrx_word' id='word_1_44' title='bbox 385 993 607 1080; x_wconf 83' lang='lat' dir='ltr'><strong>regni&#39;fortius</strong></span> <span class='ocrx_word' id='word_1_45' title='bbox 619 992 798 1078; x_wconf 78' lang='lat' dir='ltr'><strong>invigilent,</strong></span> <span class='ocrx_word' id='word_1_46' title='bbox 812 991 1029 1059; x_wconf 88' lang='lat' dir='ltr'><strong>decernimus:</strong></span> <span class='ocrx_word' id='word_1_47' title='bbox 1055 991 1101 1058; x_wconf 92' lang='lat' dir='ltr'><strong>Ut</strong></span> <span class='ocrx_word' id='word_1_48' title='bbox 1122 991 1274 1078; x_wconf 78' lang='lat' dir='ltr'><strong>deinceps</strong></span> <span class='ocrx_word' id='word_1_49' title='bbox 1287 989 1392 1056; x_wconf 90' lang='lat' dir='ltr'><strong>nullus</strong></span> <span class='ocrx_word' id='word_1_50' title='bbox 1402 999 1462 1054; x_wconf 91' lang='lat' dir='ltr'><strong>ter-</strong></span> 
     </span>
     <span class='ocr_line' id='line_1_7' title="bbox 229 1093 1462 1190; baseline -0.005 -28"><span class='ocrx_word' id='word_1_51' title='bbox 229 1099 344 1184; x_wconf 85' lang='lat' dir='ltr'><strong>rigena</strong></span> <span class='ocrx_word' id='word_1_52' title='bbox 364 1106 474 1162; x_wconf 85' lang='lat' dir='ltr'><strong>noster</strong></span> <span class='ocrx_word' id='word_1_53' title='bbox 496 1119 569 1190; x_wconf 79' lang='lat' dir='ltr'><strong>curn</strong></span> <span class='ocrx_word' id='word_1_54' title='bbox 592 1097 782 1183; x_wconf 81' lang='lat' dir='ltr'><strong>alienigena,</strong></span> <span class='ocrx_word' id='word_1_55' title='bbox 814 1098 1043 1185; x_wconf 87' lang='lat' dir='ltr'><strong>cujuscumque</strong></span> <span class='ocrx_word' id='word_1_56' title='bbox 1073 1105 1174 1160; x_wconf 88' lang='lat' dir='ltr'><strong>status</strong></span> <span class='ocrx_word' id='word_1_57' title='bbox 1196 1103 1252 1161; x_wconf 89' lang='lat' dir='ltr'><strong>aut</strong></span> <span class='ocrx_word' id='word_1_58' title='bbox 1270 1093 1462 1160; x_wconf 84' lang='lat' dir='ltr'><strong>conditionis</strong></span> 
     </span>
     <span class='ocr_line' id='line_1_8' title="bbox 229 1199 1462 1287; baseline -0.003 -21"><span class='ocrx_word' id='word_1_59' title='bbox 229 1202 357 1282; x_wconf 84' lang='lat' dir='ltr'><strong>existat,</strong></span> <span class='ocrx_word' id='word_1_60' title='bbox 372 1201 406 1266; x_wconf 91' lang='lat' dir='ltr'><strong>in</strong></span> <span class='ocrx_word' id='word_1_61' title='bbox 421 1210 530 1267; x_wconf 89' lang='lat' dir='ltr'><strong>nostro</strong></span> <span class='ocrx_word' id='word_1_62' title='bbox 550 1223 650 1287; x_wconf 88' lang='lat' dir='ltr'><strong>regno</strong></span> <span class='ocrx_word' id='word_1_63' title='bbox 662 1200 773 1267; x_wconf 92' lang='lat' dir='ltr'><strong>ludum</strong></span> <span class='ocrx_word' id='word_1_64' title='bbox 796 1199 982 1266; x_wconf 75' lang='lat' dir='ltr'><strong>taxillorum</strong></span> <span class='ocrx_word' id='word_1_65' title='bbox 995 1209 1146 1266; x_wconf 86' lang='lat' dir='ltr'><strong>exerceat</strong></span> <span class='ocrx_word' id='word_1_66' title='bbox 1167 1199 1209 1265; x_wconf 86' lang='lat' dir='ltr'><strong>ad</strong></span> <span class='ocrx_word' id='word_1_67' title='bbox 1222 1207 1395 1287; x_wconf 73' lang='lat' dir='ltr'><strong>praestum,</strong></span> <span class='ocrx_word' id='word_1_68' title='bbox 1409 1199 1462 1262; x_wconf 75' lang='lat' dir='ltr'><strong>sei</strong></span> 
     </span>
     <span class='ocr_line' id='line_1_9' title="bbox 226 1303 1459 1392; baseline -0.001 -24"><span class='ocrx_word' id='word_1_69' title='bbox 226 1313 351 1369; x_wconf 88' lang='lat' dir='ltr'><strong>tantum</strong></span> <span class='ocrx_word' id='word_1_70' title='bbox 368 1305 507 1392; x_wconf 87' lang='lat' dir='ltr'><strong>pecunia</strong></span> <span class='ocrx_word' id='word_1_71' title='bbox 527 1326 586 1391; x_wconf 90' lang='lat' dir='ltr'><strong>pro</strong></span> <span class='ocrx_word' id='word_1_72' title='bbox 608 1313 730 1391; x_wconf 86' lang='lat' dir='ltr'><strong>parata.</strong></span> <span class='ocrx_word' id='word_1_73' title='bbox 770 1304 896 1386; x_wconf 74' lang='lat' dir='ltr'><strong>Quodsi</strong></span> <span class='ocrx_word' id='word_1_74' title='bbox 911 1305 1070 1392; x_wconf 88' lang='lat' dir='ltr'><strong>quispiam</strong></span> <span class='ocrx_word' id='word_1_75' title='bbox 1093 1314 1205 1369; x_wconf 84' lang='lat' dir='ltr'><strong>contra</strong></span> <span class='ocrx_word' id='word_1_76' title='bbox 1226 1303 1289 1370; x_wconf 89' lang='lat' dir='ltr'><strong>hoc</strong></span> <span class='ocrx_word' id='word_1_77' title='bbox 1309 1310 1459 1368; x_wconf 82' lang='lat' dir='ltr'><strong>statutum</strong></span> 
     </span>
     <span class='ocr_line' id='line_1_10' title="bbox 226 1407 1461 1496; baseline -0.002 -22"><span class='ocrx_word' id='word_1_78' title='bbox 226 1411 352 1474; x_wconf 89' lang='lat' dir='ltr'><strong>venerit</strong></span> <span class='ocrx_word' id='word_1_79' title='bbox 366 1409 543 1489; x_wconf 81' lang='lat' dir='ltr'><strong>temerarie,</strong></span> <span class='ocrx_word' id='word_1_80' title='bbox 556 1409 627 1494; x_wconf 89' lang='lat' dir='ltr'><strong>ipso</strong></span> <span class='ocrx_word' id='word_1_81' title='bbox 633 1409 709 1496; x_wconf 88' lang='lat' dir='ltr'><strong>jure</strong></span> <span class='ocrx_word' id='word_1_82' title='bbox 723 1431 788 1474; x_wconf 90' lang='lat' dir='ltr'><strong>non</strong></span> <span class='ocrx_word' id='word_1_83' title='bbox 800 1409 907 1475; x_wconf 87' lang='lat' dir='ltr'><strong>valeat</strong></span> <span class='ocrx_word' id='word_1_84' title='bbox 919 1409 1046 1492; x_wconf 78' lang='lat' dir='ltr'><strong>evictio,</strong></span> <span class='ocrx_word' id='word_1_85' title='bbox 1059 1431 1120 1474; x_wconf 87' lang='lat' dir='ltr'><strong>nee</strong></span> <span class='ocrx_word' id='word_1_86' title='bbox 1136 1408 1178 1474; x_wconf 83' lang='lat' dir='ltr'><strong>ed</strong></span> <span class='ocrx_word' id='word_1_87' title='bbox 1194 1407 1337 1494; x_wconf 88' lang='lat' dir='ltr'><strong>aliquam</strong></span> <span class='ocrx_word' id='word_1_88' title='bbox 1357 1407 1461 1473; x_wconf 87' lang='lat' dir='ltr'><strong>soluti·</strong></span> 
     </span>
    </p>
   </div>
   <div class='ocr_carea' id='block_1_3' title="bbox 115 1511 1462 1606">
    <p class='ocr_par' dir='ltr' id='par_1_3' title="bbox 115 1511 1462 1606">
     <span class='ocr_line' id='line_1_11' title="bbox 115 1511 1462 1606; baseline -0.004 -28"><span class='ocrx_word' id='word_1_89' title='bbox 115 1601 118 1606; x_wconf 27' lang='grc' dir='ltr'>Ι</span> <span class='ocrx_word' id='word_1_90' title='bbox 226 1535 319 1578; x_wconf 91' lang='lat' dir='ltr'><strong>onem</strong></span> <span class='ocrx_word' id='word_1_91' title='bbox 333 1535 390 1578; x_wconf 91' lang='lat' dir='ltr'><strong>seu</strong></span> <span class='ocrx_word' id='word_1_92' title='bbox 410 1513 660 1579; x_wconf 82' lang='lat' dir='ltr'><strong>satisfactionem</strong></span> <span class='ocrx_word' id='word_1_93' title='bbox 673 1515 778 1578; x_wconf 89' lang='lat' dir='ltr'><strong>vietus</strong></span> <span class='ocrx_word' id='word_1_94' title='bbox 790 1511 951 1578; x_wconf 88' lang='lat' dir='ltr'><strong>tenebitur</strong></span> <span class='ocrx_word' id='word_1_95' title='bbox 962 1515 1087 1596; x_wconf 87' lang='lat' dir='ltr'><strong>victori,</strong></span> <span class='ocrx_word' id='word_1_96' title='bbox 1099 1535 1160 1580; x_wconf 87' lang='lat' dir='ltr'><strong>nec</strong></span> <span class='ocrx_word' id='word_1_97' title='bbox 1180 1511 1352 1599; x_wconf 84' lang='lat' dir='ltr'><strong>fidejussor</strong></span> <span class='ocrx_word' id='word_1_98' title='bbox 1373 1511 1462 1578; x_wconf 91' lang='lat' dir='ltr'><strong>datus</strong></span> 
     </span>
    </p>
   </div>
   <div class='ocr_carea' id='block_1_4' title="bbox 202 1606 1460 2328">
    <p class='ocr_par' dir='ltr' id='par_1_4' title="bbox 202 1606 1460 2328">
     <span class='ocr_line' id='line_1_12' title="bbox 222 1606 1460 1705; baseline -0.003 -24"><span class='ocrx_word' id='word_1_99' title='bbox 222 1606 289 1704; x_wconf 88' lang='lat' dir='ltr'><strong>ipsi</strong></span> <span class='ocrx_word' id='word_1_100' title='bbox 311 1617 453 1683; x_wconf 88' lang='lat' dir='ltr'><strong>vincenti</strong></span> <span class='ocrx_word' id='word_1_101' title='bbox 483 1618 601 1705; x_wconf 85' lang='lat' dir='ltr'><strong>poterit</strong></span> <span class='ocrx_word' id='word_1_102' title='bbox 630 1616 670 1682; x_wconf 92' lang='lat' dir='ltr'><strong>de</strong></span> <span class='ocrx_word' id='word_1_103' title='bbox 693 1615 801 1682; x_wconf 89' lang='lat' dir='ltr'><strong>debito</strong></span> <span class='ocrx_word' id='word_1_104' title='bbox 824 1617 1010 1683; x_wconf 87' lang='lat' dir='ltr'><strong>ammoneri.</strong></span> <span class='ocrx_word' id='word_1_105' title='bbox 1055 1616 1091 1684; x_wconf 87' lang='lat' dir='ltr'><strong>Si</strong></span> <span class='ocrx_word' id='word_1_106' title='bbox 1113 1618 1186 1704; x_wconf 91' lang='lat' dir='ltr'><strong>quis</strong></span> <span class='ocrx_word' id='word_1_107' title='bbox 1208 1639 1287 1683; x_wconf 90' lang='lat' dir='ltr'><strong>vero</strong></span> <span class='ocrx_word' id='word_1_108' title='bbox 1310 1638 1460 1703; x_wconf 83' lang='lat' dir='ltr'><strong>spernens</strong></span> 
     </span>
     <span class='ocr_line' id='line_1_13' title="bbox 224 1719 1459 1808; baseline -0.002 -22"><span class='ocrx_word' id='word_1_109' title='bbox 224 1721 287 1786; x_wconf 89' lang='lat' dir='ltr'><strong>hoc</strong></span> <span class='ocrx_word' id='word_1_110' title='bbox 298 1729 462 1804; x_wconf 88' lang='lat' dir='ltr'><strong>statutum,</strong></span> <span class='ocrx_word' id='word_1_111' title='bbox 479 1743 538 1808; x_wconf 91' lang='lat' dir='ltr'><strong>pro</strong></span> <span class='ocrx_word' id='word_1_112' title='bbox 550 1721 687 1808; x_wconf 88' lang='lat' dir='ltr'><strong>pecunia</strong></span> <span class='ocrx_word' id='word_1_113' title='bbox 698 1721 745 1786; x_wconf 89' lang='lat' dir='ltr'><strong>sic</strong></span> <span class='ocrx_word' id='word_1_114' title='bbox 768 1721 1001 1787; x_wconf 83' lang='lat' dir='ltr'><strong>evictuacriter</strong></span> <span class='ocrx_word' id='word_1_115' title='bbox 1023 1744 1115 1788; x_wconf 90' lang='lat' dir='ltr'><strong>suum</strong></span> <span class='ocrx_word' id='word_1_116' title='bbox 1138 1722 1354 1788; x_wconf 85' lang='lat' dir='ltr'><strong>ammonuerit</strong></span> <span class='ocrx_word' id='word_1_117' title='bbox 1376 1719 1459 1786; x_wconf 91' lang='lat' dir='ltr'><strong>debi-</strong></span> 
     </span>
     <span class='ocr_line' id='line_1_14' title="bbox 224 1824 1460 1914; baseline -0.002 -25"><span class='ocrx_word' id='word_1_118' title='bbox 224 1834 326 1891; x_wconf 91' lang='lat' dir='ltr'><strong>torem</strong></span> <span class='ocrx_word' id='word_1_119' title='bbox 350 1847 424 1891; x_wconf 92' lang='lat' dir='ltr'><strong>cum</strong></span> <span class='ocrx_word' id='word_1_120' title='bbox 445 1825 555 1891; x_wconf 89' lang='lat' dir='ltr'><strong>verbis</strong></span> <span class='ocrx_word' id='word_1_121' title='bbox 578 1825 736 1912; x_wconf 85' lang='lat' dir='ltr'><strong>turpibus,</strong></span> <span class='ocrx_word' id='word_1_122' title='bbox 765 1825 818 1892; x_wconf 90' lang='lat' dir='ltr'><strong>vel</strong></span> <span class='ocrx_word' id='word_1_123' title='bbox 841 1827 911 1913; x_wconf 88' lang='lat' dir='ltr'><strong>ejus</strong></span> <span class='ocrx_word' id='word_1_124' title='bbox 934 1824 1178 1914; x_wconf 86' lang='lat' dir='ltr'><strong>fidejussorem:</strong></span> <span class='ocrx_word' id='word_1_125' title='bbox 1201 1826 1460 1914; x_wconf 87' lang='lat' dir='ltr'><strong>quotiescumque</strong></span> 
     </span>
     <span class='ocr_line' id='line_1_15' title="bbox 225 1927 1459 2019; baseline 0 -27"><span class='ocrx_word' id='word_1_126' title='bbox 225 1927 430 1996; x_wconf 85' lang='lat' dir='ltr'><strong>maledixerit</strong></span> <span class='ocrx_word' id='word_1_127' title='bbox 459 1929 512 1995; x_wconf 92' lang='lat' dir='ltr'><strong>vel</strong></span> <span class='ocrx_word' id='word_1_128' title='bbox 541 1931 809 2017; x_wconf 85' lang='lat' dir='ltr'><strong>improperaverit</strong></span> <span class='ocrx_word' id='word_1_129' title='bbox 841 1952 899 2017; x_wconf 90' lang='lat' dir='ltr'><strong>pro</strong></span> <span class='ocrx_word' id='word_1_130' title='bbox 921 1929 1029 1997; x_wconf 89' lang='lat' dir='ltr'><strong>debito</strong></span> <span class='ocrx_word' id='word_1_131' title='bbox 1053 1928 1241 2019; x_wconf 88' lang='lat' dir='ltr'><strong>praelibato,</strong></span> <span class='ocrx_word' id='word_1_132' title='bbox 1274 1931 1391 1996; x_wconf 84' lang='lat' dir='ltr'><strong>totiens</strong></span> <span class='ocrx_word' id='word_1_133' title='bbox 1418 1928 1459 1994; x_wconf 88' lang='lat' dir='ltr'><strong>illi</strong></span> 
     </span>
     <span class='ocr_line' id='line_1_16' title="bbox 224 2031 1457 2122; baseline -0.002 -24"><span class='ocrx_word' id='word_1_134' title='bbox 224 2055 283 2119; x_wconf 90' lang='lat' dir='ltr'><strong>pro</strong></span> <span class='ocrx_word' id='word_1_135' title='bbox 306 2055 366 2098; x_wconf 77' lang='lat' dir='ltr'><strong>sira</strong></span> <span class='ocrx_word' id='word_1_136' title='bbox 387 2031 741 2122; x_wconf 82' lang='lat' dir='ltr'><strong>verecundiapoenam,</strong></span> <span class='ocrx_word' id='word_1_137' title='bbox 765 2057 848 2122; x_wconf 88' lang='lat' dir='ltr'><strong>quac</strong></span> <span class='ocrx_word' id='word_1_138' title='bbox 860 2033 977 2101; x_wconf 90' lang='lat' dir='ltr'><strong>dicitur</strong></span> <span class='ocrx_word' id='word_1_139' title='bbox 994 2034 1293 2122; x_wconf 80' lang='lat' dir='ltr'><strong>piacaaudaecacaa,</strong></span> <span class='ocrx_word' id='word_1_140' title='bbox 1306 2032 1416 2116; x_wconf 87' lang='lat' dir='ltr'><strong>solvat,</strong></span> <span class='ocrx_word' id='word_1_141' title='bbox 1429 2041 1457 2098; x_wconf 88' lang='lat' dir='ltr'><strong>et</strong></span> 
     </span>
     <span class='ocr_line' id='line_1_17' title="bbox 202 2136 1458 2226; baseline -0.001 -26"><span class='ocrx_word' id='word_1_142' title='bbox 202 2144 335 2203; x_wconf 66' lang='lat' dir='ltr'><strong>&#39;nostro</strong></span> <span class='ocrx_word' id='word_1_143' title='bbox 352 2137 478 2225; x_wconf 89' lang='lat' dir='ltr'><strong>judicio</strong></span> <span class='ocrx_word' id='word_1_144' title='bbox 501 2138 708 2203; x_wconf 84' lang='lat' dir='ltr'><strong>nibilominus</strong></span> <span class='ocrx_word' id='word_1_145' title='bbox 730 2136 826 2204; x_wconf 89' lang='lat' dir='ltr'><strong>aliam</strong></span> <span class='ocrx_word' id='word_1_146' title='bbox 849 2137 986 2204; x_wconf 84' lang='lat' dir='ltr'><strong>similem</strong></span> <span class='ocrx_word' id='word_1_147' title='bbox 1009 2161 1145 2226; x_wconf 85' lang='lat' dir='ltr'><strong>poenam</strong></span> <span class='ocrx_word' id='word_1_148' title='bbox 1169 2161 1228 2226; x_wconf 91' lang='lat' dir='ltr'><strong>pro</strong></span> <span class='ocrx_word' id='word_1_149' title='bbox 1247 2137 1458 2204; x_wconf 81' lang='lat' dir='ltr'><strong>inobedientia</strong></span> 
     </span>
     <span class='ocr_line' id='line_1_18' title="bbox 226 2242 414 2328; baseline 0.011 -22"><span class='ocrx_word' id='word_1_150' title='bbox 226 2242 414 2328; x_wconf 84' lang='lat' dir='ltr'><strong>assignabit.</strong></span> 
     </span>
    </p>
   </div>
   <div class='ocr_carea' id='block_1_5' title="bbox 312 2382 1387 2470">
    <p class='ocr_par' dir='ltr' id='par_1_5' title="bbox 312 2382 1387 2470">
     <span class='ocr_line' id='line_1_19' title="bbox 312 2382 1387 2470; baseline 0.001 -24"><span class='ocrx_word' id='word_1_151' title='bbox 312 2382 362 2446; x_wconf 85' lang='lat' dir='ltr'><strong>De</strong></span> <span class='ocrx_word' id='word_1_152' title='bbox 385 2384 550 2470; x_wconf 78' lang='lat' dir='ltr'><strong>terriqeuis</strong></span> <span class='ocrx_word' id='word_1_153' title='bbox 572 2383 628 2469; x_wconf 82' lang='lat' dir='ltr'><strong>qui</strong></span> <span class='ocrx_word' id='word_1_154' title='bbox 649 2391 753 2448; x_wconf 82' lang='lat' dir='ltr'><strong>euntes</strong></span> <span class='ocrx_word' id='word_1_155' title='bbox 775 2382 820 2447; x_wconf 85' lang='lat' dir='ltr'><strong>ud</strong></span> <span class='ocrx_word' id='word_1_156' title='bbox 842 2383 1071 2470; x_wconf 74' lang='lat' dir='ltr'><strong>rapaditioraem</strong></span> <span class='ocrx_word' id='word_1_157' title='bbox 1093 2383 1211 2447; x_wconf 59' lang='lat' dir='ltr'><strong>wmua</strong></span> <span class='ocrx_word' id='word_1_158' title='bbox 1232 2383 1387 2470; x_wconf 77' lang='lat' dir='ltr'><strong>inser-mat.</strong></span> 
     </span>
    </p>
   </div>
   <div class='ocr_carea' id='block_1_6' title="bbox 311 2511 1456 2601">
    <p class='ocr_par' dir='ltr' id='par_1_6' title="bbox 311 2511 1456 2601">
     <span class='ocr_line' id='line_1_20' title="bbox 311 2511 1456 2601; baseline 0.001 -25"><span class='ocrx_word' id='word_1_159' title='bbox 311 2512 362 2577; x_wconf 91' lang='lat'><strong>80.</strong></span> <span class='ocrx_word' id='word_1_160' title='bbox 397 2511 542 2599; x_wconf 84' lang='lat' dir='ltr'><strong>Expedit</strong></span> <span class='ocrx_word' id='word_1_161' title='bbox 562 2512 769 2600; x_wconf 86' lang='lat' dir='ltr'><strong>reipublicae,</strong></span> <span class='ocrx_word' id='word_1_162' title='bbox 802 2522 836 2578; x_wconf 92' lang='lat' dir='ltr'><strong>ut</strong></span> <span class='ocrx_word' id='word_1_163' title='bbox 859 2511 979 2578; x_wconf 89' lang='lat' dir='ltr'><strong>subditi</strong></span> <span class='ocrx_word' id='word_1_164' title='bbox 1001 2514 1036 2579; x_wconf 92' lang='lat' dir='ltr'><strong>in</strong></span> <span class='ocrx_word' id='word_1_165' title='bbox 1058 2514 1166 2600; x_wconf 89' lang='lat' dir='ltr'><strong>quiete</strong></span> <span class='ocrx_word' id='word_1_166' title='bbox 1188 2515 1304 2580; x_wconf 86' lang='lat' dir='ltr'><strong>vivant</strong></span> <span class='ocrx_word' id='word_1_167' title='bbox 1326 2521 1359 2578; x_wconf 89' lang='lat' dir='ltr'><strong>ct</strong></span> <span class='ocrx_word' id='word_1_168' title='bbox 1380 2511 1456 2601; x_wconf 88' lang='lat' dir='ltr'><strong>quod</strong></span> 
     </span>
    </p>
   </div>
   <div class='ocr_carea' id='block_1_7' title="bbox 220 2616 1458 4272">
    <p class='ocr_par' dir='ltr' id='par_1_7' title="bbox 220 2616 1458 4272">
     <span class='ocr_line' id='line_1_21' title="bbox 221 2616 1456 2704; baseline 0 -24"><span class='ocrx_word' id='word_1_169' title='bbox 221 2616 302 2682; x_wconf 92' lang='lat' dir='ltr'><strong>nulli</strong></span> <span class='ocrx_word' id='word_1_170' title='bbox 325 2626 462 2684; x_wconf 87' lang='lat' dir='ltr'><strong>noceant</strong></span> <span class='ocrx_word' id='word_1_171' title='bbox 485 2625 517 2682; x_wconf 89' lang='lat' dir='ltr'><strong>et</strong></span> <span class='ocrx_word' id='word_1_172' title='bbox 537 2617 571 2682; x_wconf 92' lang='lat' dir='ltr'><strong>in</strong></span> <span class='ocrx_word' id='word_1_173' title='bbox 593 2617 768 2690; x_wconf 88' lang='lat' dir='ltr'><strong>virtutibus</strong></span> <span class='ocrx_word' id='word_1_174' title='bbox 791 2617 1029 2684; x_wconf 87' lang='lat' dir='ltr'><strong>convalescant.</strong></span> <span class='ocrx_word' id='word_1_175' title='bbox 1070 2617 1210 2698; x_wconf 79' lang='lat' dir='ltr'><strong>Quidam</strong></span> <span class='ocrx_word' id='word_1_176' title='bbox 1231 2619 1456 2704; x_wconf 80' lang='lat' dir='ltr'><strong>praeterientes</strong></span> 
     </span>
     <span class='ocr_line' id='line_1_22' title="bbox 224 2719 1456 2810; baseline -0.001 -24"><span class='ocrx_word' id='word_1_177' title='bbox 224 2722 296 2804; x_wconf 89' lang='lat' dir='ltr'><strong>ista,</strong></span> <span class='ocrx_word' id='word_1_178' title='bbox 322 2720 420 2787; x_wconf 91' lang='lat' dir='ltr'><strong>veluti</strong></span> <span class='ocrx_word' id='word_1_179' title='bbox 452 2719 534 2808; x_wconf 87' lang='lat' dir='ltr'><strong>legis</strong></span> <span class='ocrx_word' id='word_1_180' title='bbox 557 2731 823 2807; x_wconf 81' lang='lat' dir='ltr'><strong>transgressores,</strong></span> <span class='ocrx_word' id='word_1_181' title='bbox 859 2745 933 2788; x_wconf 90' lang='lat' dir='ltr'><strong>cum</strong></span> <span class='ocrx_word' id='word_1_182' title='bbox 954 2745 1014 2809; x_wconf 86' lang='lat' dir='ltr'><strong>per</strong></span> <span class='ocrx_word' id='word_1_183' title='bbox 1035 2730 1137 2786; x_wconf 85' lang='lat' dir='ltr'><strong>terras</strong></span> <span class='ocrx_word' id='word_1_184' title='bbox 1159 2726 1308 2810; x_wconf 85' lang='lat' dir='ltr'><strong>proprias</strong></span> <span class='ocrx_word' id='word_1_185' title='bbox 1330 2745 1456 2809; x_wconf 82' lang='lat' dir='ltr'><strong>pergun-</strong></span> 
     </span>
     <span class='ocr_line' id='line_1_23' title="bbox 221 2824 1453 2914; baseline 0 -24"><span class='ocrx_word' id='word_1_186' title='bbox 221 2824 263 2890; x_wconf 87' lang='lat' dir='ltr'><strong>ad</strong></span> <span class='ocrx_word' id='word_1_187' title='bbox 286 2824 536 2912; x_wconf 88' lang='lat' dir='ltr'><strong>expeditionem,</strong></span> <span class='ocrx_word' id='word_1_188' title='bbox 559 2828 651 2913; x_wconf 86' lang='lat' dir='ltr'><strong>quasi</strong></span> <span class='ocrx_word' id='word_1_189' title='bbox 675 2825 782 2892; x_wconf 88' lang='lat' dir='ltr'><strong>hostes</strong></span> <span class='ocrx_word' id='word_1_190' title='bbox 803 2836 1030 2909; x_wconf 88' lang='lat' dir='ltr'><strong>semoventes,</strong></span> <span class='ocrx_word' id='word_1_191' title='bbox 1053 2825 1180 2892; x_wconf 88' lang='lat' dir='ltr'><strong>infinita</strong></span> <span class='ocrx_word' id='word_1_192' title='bbox 1202 2826 1323 2892; x_wconf 86' lang='lat' dir='ltr'><strong>damna</strong></span> <span class='ocrx_word' id='word_1_193' title='bbox 1344 2849 1453 2914; x_wconf 87' lang='lat' dir='ltr'><strong>paupe·</strong></span> 
     </span>
     <span class='ocr_line' id='line_1_24' title="bbox 222 2927 1454 3019; baseline 0 -25"><span class='ocrx_word' id='word_1_194' title='bbox 222 2929 323 3012; x_wconf 86' lang='lat' dir='ltr'><strong>ribus,</strong></span> <span class='ocrx_word' id='word_1_195' title='bbox 347 2931 443 2995; x_wconf 85' lang='lat' dir='ltr'><strong>etiam</strong></span> <span class='ocrx_word' id='word_1_196' title='bbox 466 2927 562 3017; x_wconf 74' lang='lat' dir='ltr'><strong>plura</strong></span> <span class='ocrx_word' id='word_1_197' title='bbox 584 2953 679 3018; x_wconf 86' lang='lat' dir='ltr'><strong>quam</strong></span> <span class='ocrx_word' id='word_1_198' title='bbox 693 2929 848 3015; x_wconf 87' lang='lat' dir='ltr'><strong>hostibus,</strong></span> <span class='ocrx_word' id='word_1_199' title='bbox 866 2932 1011 3016; x_wconf 84' lang='lat' dir='ltr'><strong>irrogare</strong></span> <span class='ocrx_word' id='word_1_200' title='bbox 1029 2949 1094 2996; x_wconf 87' lang='lat' dir='ltr'><strong>nou</strong></span> <span class='ocrx_word' id='word_1_201' title='bbox 1106 2930 1287 3015; x_wconf 89' lang='lat' dir='ltr'><strong>obmittunt,</strong></span> <span class='ocrx_word' id='word_1_202' title='bbox 1310 2954 1369 3019; x_wconf 91' lang='lat' dir='ltr'><strong>per</strong></span> <span class='ocrx_word' id='word_1_203' title='bbox 1380 2953 1454 3017; x_wconf 86' lang='lat' dir='ltr'><strong>quae</strong></span> 
     </span>
     <span class='ocr_line' id='line_1_25' title="bbox 222 3033 1456 3123; baseline 0.001 -27"><span class='ocrx_word' id='word_1_204' title='bbox 222 3043 327 3100; x_wconf 88' lang='lat' dir='ltr'><strong>terrae</strong></span> <span class='ocrx_word' id='word_1_205' title='bbox 350 3043 479 3100; x_wconf 87' lang='lat' dir='ltr'><strong>nostrae</strong></span> <span class='ocrx_word' id='word_1_206' title='bbox 502 3036 643 3100; x_wconf 84' lang='lat' dir='ltr'><strong>maxime</strong></span> <span class='ocrx_word' id='word_1_207' title='bbox 666 3034 883 3102; x_wconf 87' lang='lat' dir='ltr'><strong>devastantur.</strong></span> <span class='ocrx_word' id='word_1_208' title='bbox 915 3034 1070 3102; x_wconf 88' lang='lat' dir='ltr'><strong>Volentos</strong></span> <span class='ocrx_word' id='word_1_209' title='bbox 1093 3036 1203 3122; x_wconf 89' lang='lat' dir='ltr'><strong>itaque</strong></span> <span class='ocrx_word' id='word_1_210' title='bbox 1225 3034 1302 3102; x_wconf 88' lang='lat' dir='ltr'><strong>huie</strong></span> <span class='ocrx_word' id='word_1_211' title='bbox 1323 3033 1456 3123; x_wconf 88' lang='lat' dir='ltr'><strong>periculo</strong></span> 
     </span>
     <span class='ocr_line' id='line_1_26' title="bbox 224 3137 1455 3228; baseline -0.002 -24"><span class='ocrx_word' id='word_1_212' title='bbox 224 3139 264 3204; x_wconf 90' lang='lat' dir='ltr'><strong>dc</strong></span> <span class='ocrx_word' id='word_1_213' title='bbox 287 3137 429 3204; x_wconf 87' lang='lat' dir='ltr'><strong>remedio</strong></span> <span class='ocrx_word' id='word_1_214' title='bbox 450 3138 632 3225; x_wconf 88' lang='lat' dir='ltr'><strong>providere,</strong></span> <span class='ocrx_word' id='word_1_215' title='bbox 654 3139 841 3210; x_wconf 83' lang='lat' dir='ltr'><strong>statuimus:</strong></span> <span class='ocrx_word' id='word_1_216' title='bbox 873 3137 918 3206; x_wconf 90' lang='lat' dir='ltr'><strong>Ut</strong></span> <span class='ocrx_word' id='word_1_217' title='bbox 935 3140 1201 3228; x_wconf 84' lang='lat' dir='ltr'><strong>quotiescumque</strong></span> <span class='ocrx_word' id='word_1_218' title='bbox 1223 3139 1265 3205; x_wconf 90' lang='lat' dir='ltr'><strong>ad</strong></span> <span class='ocrx_word' id='word_1_219' title='bbox 1289 3139 1455 3226; x_wconf 88' lang='lat' dir='ltr'><strong>expeditio-</strong></span> 
     </span>
     <span class='ocr_line' id='line_1_27' title="bbox 223 3243 1455 3330; baseline 0 -25"><span class='ocrx_word' id='word_1_220' title='bbox 223 3265 296 3308; x_wconf 86' lang='lat' dir='ltr'><strong>nem</strong></span> <span class='ocrx_word' id='word_1_221' title='bbox 325 3265 382 3329; x_wconf 92' lang='lat' dir='ltr'><strong>per</strong></span> <span class='ocrx_word' id='word_1_222' title='bbox 405 3251 508 3308; x_wconf 87' lang='lat' dir='ltr'><strong>terras</strong></span> <span class='ocrx_word' id='word_1_223' title='bbox 538 3253 664 3310; x_wconf 87' lang='lat' dir='ltr'><strong>nostras</strong></span> <span class='ocrx_word' id='word_1_224' title='bbox 688 3244 730 3308; x_wconf 84' lang='lat' dir='ltr'><strong>sit</strong></span> <span class='ocrx_word' id='word_1_225' title='bbox 751 3245 946 3330; x_wconf 87' lang='lat' dir='ltr'><strong>progressio,</strong></span> <span class='ocrx_word' id='word_1_226' title='bbox 982 3243 1089 3310; x_wconf 90' lang='lat' dir='ltr'><strong>nullus</strong></span> <span class='ocrx_word' id='word_1_227' title='bbox 1112 3245 1282 3310; x_wconf 89' lang='lat' dir='ltr'><strong>stationem</strong></span> <span class='ocrx_word' id='word_1_228' title='bbox 1314 3244 1410 3312; x_wconf 70' lang='lat' dir='ltr'><strong>uniat</strong></span> <span class='ocrx_word' id='word_1_229' title='bbox 1429 3244 1455 3306; x_wconf 87' lang='lat' dir='ltr'><strong>in</strong></span> 
     </span>
     <span class='ocr_line' id='line_1_28' title="bbox 223 3345 1453 3437; baseline -0.002 -25"><span class='ocrx_word' id='word_1_230' title='bbox 223 3345 310 3429; x_wconf 86' lang='lat' dir='ltr'><strong>villa,</strong></span> <span class='ocrx_word' id='word_1_231' title='bbox 342 3345 456 3412; x_wconf 88' lang='lat' dir='ltr'><strong>sedin</strong></span> <span class='ocrx_word' id='word_1_232' title='bbox 479 3370 609 3434; x_wconf 82' lang='lat' dir='ltr'><strong>camp03</strong></span> <span class='ocrx_word' id='word_1_233' title='bbox 639 3371 700 3414; x_wconf 90' lang='lat' dir='ltr'><strong>nec</strong></span> <span class='ocrx_word' id='word_1_234' title='bbox 723 3350 850 3436; x_wconf 85' lang='lat' dir='ltr'><strong>rapinas</strong></span> <span class='ocrx_word' id='word_1_235' title='bbox 873 3349 907 3414; x_wconf 89' lang='lat' dir='ltr'><strong>in</strong></span> <span class='ocrx_word' id='word_1_236' title='bbox 929 3350 1030 3436; x_wconf 87' lang='lat' dir='ltr'><strong>equis,</strong></span> <span class='ocrx_word' id='word_1_237' title='bbox 1060 3348 1250 3435; x_wconf 89' lang='lat' dir='ltr'><strong>pecudibus,</strong></span> <span class='ocrx_word' id='word_1_238' title='bbox 1280 3347 1453 3437; x_wconf 85' lang='lat' dir='ltr'><strong>pecoribus,</strong></span> 
     </span>
     <span class='ocr_line' id='line_1_29' title="bbox 221 3448 1458 3540; baseline 0.001 -24"><span class='ocrx_word' id='word_1_239' title='bbox 221 3460 278 3516; x_wconf 87' lang='lat' dir='ltr'><strong>aut</strong></span> <span class='ocrx_word' id='word_1_240' title='bbox 301 3451 333 3514; x_wconf 90' lang='lat' dir='ltr'><strong>in</strong></span> <span class='ocrx_word' id='word_1_241' title='bbox 356 3448 427 3516; x_wconf 89' lang='lat' dir='ltr'><strong>aliis</strong></span> <span class='ocrx_word' id='word_1_242' title='bbox 449 3451 546 3518; x_wconf 88' lang='lat' dir='ltr'><strong>rebus</strong></span> <span class='ocrx_word' id='word_1_243' title='bbox 570 3453 764 3536; x_wconf 87' lang='lat' dir='ltr'><strong>committat,</strong></span> <span class='ocrx_word' id='word_1_244' title='bbox 795 3452 853 3520; x_wconf 88' lang='lat' dir='ltr'><strong>sed</strong></span> <span class='ocrx_word' id='word_1_245' title='bbox 875 3451 979 3519; x_wconf 89' lang='lat' dir='ltr'><strong>solum</strong></span> <span class='ocrx_word' id='word_1_246' title='bbox 1001 3452 1163 3540; x_wconf 84' lang='lat' dir='ltr'><strong>pabulum,</strong></span> <span class='ocrx_word' id='word_1_247' title='bbox 1187 3455 1363 3536; x_wconf 87' lang='lat' dir='ltr'><strong>moderate,</strong></span> <span class='ocrx_word' id='word_1_248' title='bbox 1385 3451 1458 3518; x_wconf 87' lang='lat' dir='ltr'><strong>racis</strong></span> 
     </span>
     <span class='ocr_line' id='line_1_30' title="bbox 220 3557 1456 3644; baseline 0 -22"><span class='ocrx_word' id='word_1_249' title='bbox 220 3558 291 3643; x_wconf 88' lang='lat' dir='ltr'><strong>piat</strong></span> <span class='ocrx_word' id='word_1_250' title='bbox 313 3578 372 3643; x_wconf 92' lang='lat' dir='ltr'><strong>pro</strong></span> <span class='ocrx_word' id='word_1_251' title='bbox 400 3558 467 3621; x_wconf 86' lang='lat' dir='ltr'><strong>suis</strong></span> <span class='ocrx_word' id='word_1_252' title='bbox 490 3557 592 3644; x_wconf 88' lang='lat' dir='ltr'><strong>equis,</strong></span> <span class='ocrx_word' id='word_1_253' title='bbox 627 3566 659 3623; x_wconf 91' lang='lat' dir='ltr'><strong>et</strong></span> <span class='ocrx_word' id='word_1_254' title='bbox 681 3559 836 3625; x_wconf 77' lang='lat' dir='ltr'><strong>stationes</strong></span> <span class='ocrx_word' id='word_1_255' title='bbox 863 3557 962 3625; x_wconf 85' lang='lat' dir='ltr'><strong>faciat</strong></span> <span class='ocrx_word' id='word_1_256' title='bbox 983 3559 1024 3626; x_wconf 91' lang='lat' dir='ltr'><strong>de</strong></span> <span class='ocrx_word' id='word_1_257' title='bbox 1047 3557 1143 3644; x_wconf 88' lang='lat' dir='ltr'><strong>lignis</strong></span> <span class='ocrx_word' id='word_1_258' title='bbox 1175 3559 1285 3626; x_wconf 88' lang='lat' dir='ltr'><strong>incisis</strong></span> <span class='ocrx_word' id='word_1_259' title='bbox 1308 3559 1343 3624; x_wconf 90' lang='lat' dir='ltr'><strong>in</strong></span> <span class='ocrx_word' id='word_1_260' title='bbox 1365 3557 1456 3638; x_wconf 86' lang='lat' dir='ltr'><strong>silvis,</strong></span> 
     </span>
     <span class='ocr_line' id='line_1_31' title="bbox 227 3660 1457 3752; baseline -0.002 -26"><span class='ocrx_word' id='word_1_261' title='bbox 227 3663 311 3750; x_wconf 85' lang='lat' dir='ltr'><strong>gajis</strong></span> <span class='ocrx_word' id='word_1_262' title='bbox 334 3670 391 3727; x_wconf 87' lang='lat' dir='ltr'><strong>aut</strong></span> <span class='ocrx_word' id='word_1_263' title='bbox 411 3661 534 3728; x_wconf 87' lang='lat' dir='ltr'><strong>rubetis</strong></span> <span class='ocrx_word' id='word_1_264' title='bbox 557 3663 682 3730; x_wconf 86' lang='lat' dir='ltr'><strong>exustis</strong></span> <span class='ocrx_word' id='word_1_265' title='bbox 705 3671 738 3728; x_wconf 90' lang='lat' dir='ltr'><strong>et</strong></span> <span class='ocrx_word' id='word_1_266' title='bbox 766 3665 915 3752; x_wconf 87' lang='lat' dir='ltr'><strong>receptis,</strong></span> <span class='ocrx_word' id='word_1_267' title='bbox 943 3673 977 3728; x_wconf 93' lang='lat' dir='ltr'><strong>ut</strong></span> <span class='ocrx_word' id='word_1_268' title='bbox 999 3688 1043 3731; x_wconf 87' lang='lat' dir='ltr'><strong>ex</strong></span> <span class='ocrx_word' id='word_1_269' title='bbox 1064 3662 1126 3729; x_wconf 89' lang='lat' dir='ltr'><strong>hoc</strong></span> <span class='ocrx_word' id='word_1_270' title='bbox 1148 3663 1296 3730; x_wconf 86' lang='lat' dir='ltr'><strong>aedificia</strong></span> <span class='ocrx_word' id='word_1_271' title='bbox 1318 3660 1457 3730; x_wconf 85' lang='lat' dir='ltr'><strong>villarum</strong></span> 
     </span>
     <span class='ocr_line' id='line_1_32' title="bbox 225 3763 1455 3855; baseline -0.001 -24"><span class='ocrx_word' id='word_1_272' title='bbox 225 3767 545 3832; x_wconf 85' lang='lat' dir='ltr'><strong>intaetaconsistant.</strong></span> <span class='ocrx_word' id='word_1_273' title='bbox 568 3763 604 3833; x_wconf 79' lang='lat' dir='ltr'><strong>si</strong></span> <span class='ocrx_word' id='word_1_274' title='bbox 627 3767 708 3854; x_wconf 86' lang='lat' dir='ltr'><strong>quis,</strong></span> <span class='ocrx_word' id='word_1_275' title='bbox 732 3766 834 3834; x_wconf 92' lang='lat' dir='ltr'><strong>veluti</strong></span> <span class='ocrx_word' id='word_1_276' title='bbox 856 3770 1045 3834; x_wconf 87' lang='lat' dir='ltr'><strong>temerarius</strong></span> <span class='ocrx_word' id='word_1_277' title='bbox 1068 3768 1164 3855; x_wconf 89' lang='lat' dir='ltr'><strong>hujus</strong></span> <span class='ocrx_word' id='word_1_278' title='bbox 1187 3769 1298 3834; x_wconf 86' lang='lat' dir='ltr'><strong>statuti</strong></span> <span class='ocrx_word' id='word_1_279' title='bbox 1320 3765 1455 3846; x_wconf 84' lang='lat' dir='ltr'><strong>violator,</strong></span> 
     </span>
     <span class='ocr_line' id='line_1_33' title="bbox 225 3869 1455 3955; baseline 0.002 -19"><span class='ocrx_word' id='word_1_280' title='bbox 225 3870 422 3936; x_wconf 89' lang='lat' dir='ltr'><strong>contrarium</strong></span> <span class='ocrx_word' id='word_1_281' title='bbox 435 3869 559 3955; x_wconf 89' lang='lat' dir='ltr'><strong>fecerit,</strong></span> <span class='ocrx_word' id='word_1_282' title='bbox 580 3869 708 3937; x_wconf 91' lang='lat' dir='ltr'><strong>domino</strong></span> <span class='ocrx_word' id='word_1_283' title='bbox 721 3870 807 3938; x_wconf 89' lang='lat' dir='ltr'><strong>illius</strong></span> <span class='ocrx_word' id='word_1_284' title='bbox 829 3872 934 3951; x_wconf 88' lang='lat' dir='ltr'><strong>villae,</strong></span> <span class='ocrx_word' id='word_1_285' title='bbox 955 3870 1237 3938; x_wconf 86' lang='lat' dir='ltr'><strong>nutcuidamnum</strong></span> <span class='ocrx_word' id='word_1_286' title='bbox 1260 3880 1310 3937; x_wconf 90' lang='lat' dir='ltr'><strong>est</strong></span> <span class='ocrx_word' id='word_1_287' title='bbox 1331 3871 1455 3952; x_wconf 82' lang='lat' dir='ltr'><strong>illatum,</strong></span> 
     </span>
     <span class='ocr_line' id='line_1_34' title="bbox 224 3972 1454 4065; baseline 0 -25"><span class='ocrx_word' id='word_1_288' title='bbox 224 3973 342 4040; x_wconf 85' lang='lat' dir='ltr'><strong>damna</strong></span> <span class='ocrx_word' id='word_1_289' title='bbox 365 3972 480 4058; x_wconf 81' lang='lat' dir='ltr'><strong>solvet,</strong></span> <span class='ocrx_word' id='word_1_290' title='bbox 510 3975 609 4063; x_wconf 88' lang='lat' dir='ltr'><strong>juxta</strong></span> <span class='ocrx_word' id='word_1_291' title='bbox 629 3997 722 4041; x_wconf 89' lang='lat' dir='ltr'><strong>suum</strong></span> <span class='ocrx_word' id='word_1_292' title='bbox 747 3977 968 4065; x_wconf 88' lang='lat' dir='ltr'><strong>juramentum</strong></span> <span class='ocrx_word' id='word_1_293' title='bbox 999 3999 1097 4064; x_wconf 91' lang='lat' dir='ltr'><strong>super</strong></span> <span class='ocrx_word' id='word_1_294' title='bbox 1118 3975 1234 4042; x_wconf 83' lang='lat' dir='ltr'><strong>ablatis</strong></span> <span class='ocrx_word' id='word_1_295' title='bbox 1263 3977 1454 4064; x_wconf 85' lang='lat' dir='ltr'><strong>praestitum,</strong></span> 
     </span>
     <span class='ocr_line' id='line_1_35' title="bbox 229 4079 1454 4169; baseline 0.001 -26"><span class='ocrx_word' id='word_1_296' title='bbox 229 4101 342 4167; x_wconf 86' lang='lat' dir='ltr'><strong>poena,</strong></span> <span class='ocrx_word' id='word_1_297' title='bbox 362 4080 735 4165; x_wconf 82' lang='lat' dir='ltr'><strong>quaepiacauadziercaa</strong></span> <span class='ocrx_word' id='word_1_298' title='bbox 749 4081 874 4166; x_wconf 90' lang='lat' dir='ltr'><strong>dieitur,</strong></span> <span class='ocrx_word' id='word_1_299' title='bbox 894 4080 1011 4148; x_wconf 85' lang='lat' dir='ltr'><strong>adhoc</strong></span> <span class='ocrx_word' id='word_1_300' title='bbox 1033 4081 1198 4169; x_wconf 81' lang='lat' dir='ltr'><strong>apposita3</strong></span> <span class='ocrx_word' id='word_1_301' title='bbox 1222 4089 1256 4146; x_wconf 90' lang='lat' dir='ltr'><strong>et</strong></span> <span class='ocrx_word' id='word_1_302' title='bbox 1277 4079 1454 4148; x_wconf 87' lang='lat' dir='ltr'><strong>nihilominu</strong></span> 
     </span>
     <span class='ocr_line' id='line_1_36' title="bbox 224 4181 1300 4272; baseline 0.001 -23"><span class='ocrx_word' id='word_1_303' title='bbox 224 4182 287 4249; x_wconf 87' lang='lat' dir='ltr'><strong>laia</strong></span> <span class='ocrx_word' id='word_1_304' title='bbox 311 4181 424 4248; x_wconf 88' lang='lat' dir='ltr'><strong>similis</strong></span> <span class='ocrx_word' id='word_1_305' title='bbox 447 4205 553 4271; x_wconf 89' lang='lat' dir='ltr'><strong>poena</strong></span> <span class='ocrx_word' id='word_1_306' title='bbox 575 4185 609 4249; x_wconf 89' lang='lat' dir='ltr'><strong>in</strong></span> <span class='ocrx_word' id='word_1_307' title='bbox 632 4183 841 4251; x_wconf 87' lang='lat' dir='ltr'><strong>violationem</strong></span> <span class='ocrx_word' id='word_1_308' title='bbox 864 4187 975 4252; x_wconf 86' lang='lat' dir='ltr'><strong>statuti</strong></span> <span class='ocrx_word' id='word_1_309' title='bbox 996 4207 1055 4272; x_wconf 92' lang='lat' dir='ltr'><strong>pro</strong></span> <span class='ocrx_word' id='word_1_310' title='bbox 1077 4182 1173 4252; x_wconf 88' lang='lat' dir='ltr'><strong>nobis</strong></span> <span class='ocrx_word' id='word_1_311' title='bbox 1195 4185 1300 4251; x_wconf 86' lang='lat' dir='ltr'><strong>cedat.</strong></span> 
     </span>
    </p>
   </div>
   <div class='ocr_carea' id='block_1_8' title="bbox 0 0 1546 5128">
    <p class='ocr_par' dir='ltr' id='par_1_8' title="bbox 0 0 1546 5128">
     <span class='ocr_line' id='line_1_37' title="bbox 0 0 1546 5128; baseline 0 0"><span class='ocrx_word' id='word_1_312' title='bbox 0 0 1546 5128; x_wconf 95' lang='lat' dir='ltr'><strong> </strong></span> 
     </span>
    </p>
   </div>
  </div>
 </body>
</html>
