3082 5128
443 444 567 495 xxxiv.
587 443 691 494 sesua
712 441 883 494 wisnona
900 441 935 492 11.
1231 423 1304 496 577

54 633 237 717 stantibus,
271 632 357 700 idem
391 633 539 700 volumus
573 633 614 698 de
648 635 847 721 patruelibus
881 657 952 699 esse
975 631 1236 718 intelligendum
1273 642 1305 698 et
1334 689 1337 696 ,

53 739 266 825 patruelibus
288 760 353 803 non
376 739 602 820 existentibus,
623 740 769 826 quilibet,
793 741 849 826 qui
873 739 914 804 de
926 739 1048 804 eisdem
1061 740 1159 804 armis
1184 749 1302 804 etcon·

53 846 302 929 sanguineitate
324 843 503 930 proximior
525 845 678 927 extiterit,
713 847 747 910 in
782 845 874 910 bonis
905 843 1107 910 hereditariis
1130 866 1186 908 seu
1208 844 1306 929 patri·

53 948 261 1014 monialibus
283 947 457 1014 succedere
490 951 617 1036 poterit,
649 949 813 1016 sororibus
847 949 974 1034 dotatis,
1008 959 1043 1014 ut
1062 949 1222 1034 superins
1256 956 1305 1012 est

54 1053 276 1140 descriptum.
312 1053 355 1118 Et
377 1054 515 1136 interim,
539 1054 625 1141 quod
649 1076 774 1120 sorores
805 1075 868 1119 non
891 1054 1009 1120 fuerint
1030 1052 1304 1118 matrimonialiter

57 1159 246 1245 repulatae,
271 1157 465 1224 hereditates
488 1156 739 1244 patrimoniales,
773 1180 974 1246 quocumque
998 1159 1093 1225 modo
1116 1159 1307 1254 vocitentur,

57 1263 225 1349 praedicti
248 1263 363 1328 fratres
386 1261 607 1348 possidebunt,
642 1285 811 1353 quousque
845 1265 933 1352 ipsas
963 1265 1076 1351 nuptui
1105 1261 1305 1345 tradiderint,

57 1370 144 1454 ipsis
171 1369 279 1436 dotem
302 1365 499 1453 assignando
523 1376 767 1454 competentem,
802 1379 837 1436 ut
859 1370 1007 1456 superius
1029 1366 1306 1454 estdescriptum.

58 1475 136 1538 Hoc
163 1473 348 1561 specialiter
370 1472 573 1556 declarando,
610 1473 696 1560 quod
726 1497 798 1540 cum
829 1476 976 1560 pataria
999 1473 1065 1538 vita
1088 1494 1146 1538 sua
1167 1472 1306 1558 aliquam

58 1580 183 1665 nuptui
208 1578 387 1660 tradiderit,
410 1577 452 1644 de
474 1579 535 1658 hoe
556 1579 655 1644 debet
677 1580 865 1661 contentari,
890 1578 976 1667 quod
987 1577 1050 1642 sibi
1062 1585 1153 1664 pater
1164 1579 1307 1661 assigna-

59 1694 160 1748 verat
181 1683 288 1748 adbuc
310 1683 443 1766 vivens;
473 1706 534 1748 nec
563 1683 716 1748 fratribus
746 1705 804 1770 pro
828 1683 902 1748 dote
924 1681 1065 1770 aliquam
1088 1681 1307 1768 quaestionem

58 1789 185 1873 poterit
208 1810 349 1870 movere,
373 1787 432 1852 sed
454 1788 632 1853 contentari
656 1785 753 1852 debet
775 1787 815 1854 de
838 1811 887 1870 eo,
922 1787 1009 1875 quod
1031 1793 1183 1874 parentes
1205 1785 1307 1872 ipsius

60 1893 217 1958 viventes
239 1913 298 1979 pro
322 1890 407 1976 dote,
432 1894 480 1958 sui
506 1900 670 1978 compotes
694 1892 878 1974 existentes,
902 1902 977 1958 suat
997 1890 1130 1978 largiti.)
1186 1881 1188 1884 ⁵

158 1997 209 2061 19.
232 1995 429 2062 Statuimus:
454 1997 547 2078 Quod
566 1997 620 2062 ubi
645 2003 735 2083 pater
746 2004 820 2082 post
835 1996 955 2062 obitum
967 2019 1044 2062 suae
1056 1995 1213 2082 conjugis,
1225 1996 1308 2060 inter

62 2100 149 2166 tilios
174 2122 250 2165 suos
273 2099 386 2166 fecerit
407 2100 598 2166 divisionem
625 2103 780 2165 bonorum
803 2122 943 2184 suorum,
979 2123 1077 2187 quam
1107 2097 1182 2165 filiis
1205 2099 1308 2164 dene-

60 2227 144 2288 gare
179 2227 244 2270 non
271 2203 386 2284 valeat,
421 2207 497 2292 quia
523 2228 581 2291 per
611 2227 671 2270 nos
700 2215 756 2270 aut
789 2205 991 2290 capitaneum
1018 2213 1162 2270 nostrum
1196 2201 1308 2268 eadem

62 2308 182 2374 divisio
214 2309 373 2376 ratificata
395 2333 459 2376 non
480 2309 577 2376 fuerit
599 2335 657 2376 seu
686 2309 883 2393 confirmata,
917 2310 1031 2376 eodem
1059 2319 1150 2397 patre
1172 2319 1307 2390 mortuo,

61 2412 121 2478 filii
133 2415 240 2500 ipsam
252 2413 435 2480 rescindere
449 2415 541 2504 (non)
551 2416 679 2482 valeant
690 2413 923 2502 quoquomodo,
937 2415 994 2480 sed
1009 2425 1174 2501 paternam
1186 2415 1303 2500 portio-

63 2541 139 2582 nem
155 2519 239 2582 inter
261 2539 296 2582 se
319 2517 466 2584 dividant
483 2521 544 2584 isto
561 2520 665 2585 mode.
699 2519 801 2586 Facta
816 2527 923 2584 autem
946 2517 1128 2606 hujusmodi
1152 2517 1310 2584 divisione

64 2621 236 2704 bonorum,
260 2631 357 2687 utest
378 2621 510 2706 dictum,
524 2625 552 2688 si
574 2633 665 2708 pater
677 2622 773 2689 aliam
795 2646 929 2688 uxorem
954 2621 1082 2688 duxerit
1105 2631 1137 2686 et
1159 2619 1243 2686 lilios
1266 2643 1308 2684 ex

63 2726 181 2792 cadem
215 2720 409 2812 susceperit,
448 2725 506 2792 filii
540 2728 656 2813 prioris
690 2727 886 2793 matrimonii
912 2727 954 2793 ad
987 2736 1126 2814 partem·
1143 2735 1307 2813 paternam

63 2842 229 2918 nequeant
240 2832 434 2919 conspirare,
458 2831 515 2896 sed
528 2833 588 2896 erit
600 2833 671 2917 ipsa
689 2833 793 2917 portio
807 2831 940 2898 secundi
952 2831 1145 2897 matrimonii
1158 2827 1307 2895 filiorum.

64 2934 116 3000 De
142 2933 270 3000 filiabus
293 2959 380 3018 vero,
399 2936 519 3022 siquas
542 2935 700 3019 habuerit,
725 2935 778 3000 vel
801 2958 856 3000 eas
879 2933 1056 3022 reliquerit,
1080 2933 1144 3017 fiat,
1170 2943 1203 2998 ut
1219 2933 1308 3019 prius

64 3049 114 3104 cst
138 3041 355 3106 constitutum.
394 3039 430 3104 Si
453 3039 516 3105 duo
538 3040 592 3105 vel
615 3049 681 3106 tres
705 3040 820 3107 fratres
845 3040 1036 3106 divisionem
1059 3040 1142 3104 inter
1165 3060 1200 3103 se
1224 3037 1307 3102 fece-

62 3145 139 3224 rint,
164 3166 229 3209 uno
253 3167 294 3208 ex
317 3145 395 3230 ipsis
417 3154 554 3224 mortuo,
590 3166 651 3208 nec
673 3143 788 3209 fratres
812 3144 998 3232 superstites
1026 3165 1087 3208 nec
1118 3141 1176 3207 tilii
1200 3140 1309 3206 fratris

62 3259 274 3332 praesumant
295 3247 480 3314 rescindere
502 3269 563 3314 nec
585 3257 738 3335 poterunt
760 3249 952 3315 divisionem
975 3249 1120 3324 eandem,
1151 3255 1309 3334 quatenus

63 3375 177 3419 eorum
202 3351 318 3418 divisio
329 3375 386 3439 per
398 3375 458 3418 nos
476 3362 531 3416 aut
543 3375 602 3438 per
614 3363 758 3419 nostrum
771 3354 973 3439 capitaneum
990 3354 1087 3419 fuerit
1110 3353 1308 3418 confirmata.

156 3457 210 3522 20.
234 3457 391 3538 Quamvis
405 3456 557 3522 occidens
577 3456 740 3523 bominem
753 3456 930 3525 secundum
945 3457 1106 3543 legitimas
1122 3457 1305 3521 sanctiones

63 3561 149 3627 foret
167 3559 298 3648 capitali
309 3582 415 3647 poena
426 3559 628 3648 plectendus,
649 3584 707 3628 nos
728 3565 867 3648 rigorem
882 3561 1067 3648 hujusmodi
1081 3567 1308 3647 temperantes,

62 3666 257 3733 statuimusz'
280 3663 378 3746 Quod
403 3665 553 3731 occidens
579 3665 712 3732 militem
735 3665 798 3730 LX
822 3689 944 3734 marcas
967 3664 1164 3752 parentibus,
1188 3665 1307 3750 pueris,

62 3771 115 3836 vel
140 3771 254 3836 amicis
277 3771 377 3836 occisi
400 3769 520 3853 solvat3
552 3771 703 3837 mutilans
726 3781 834 3839 autem
857 3772 995 3838 eundem
1016 3771 1052 3834 in
1074 3792 1179 3852 manu,
1213 3768 1306 3855 pede,

64 3875 118 3940 vel
142 3896 232 3953 naso,
255 3875 441 3963 quindecim
459 3893 594 3956 marcas,
618 3878 650 3940 in
670 3875 786 3962 pollice
801 3897 880 3942 vero
896 3875 1047 3940 mutilans
1071 3883 1143 3940 octo
1167 3895 1306 3954 marcas,

64 3979 205 4066 digitum
233 3979 411 4067 quemlibet
445 3978 544 4046 alium
578 3990 760 4066 amputans,
791 3991 856 4046 tres
880 4001 1004 4048 marcas
1035 4001 1221 4066 grossorum
1243 3979 1305 4064 ipsi

62 4083 212 4151 mutilato
246 4083 297 4150 vel
328 4084 430 4170 digito
461 4083 560 4166 laeso,
607 4095 642 4149 ut
682 4108 779 4171 supra
813 4085 940 4164 dieitur,
973 4085 1099 4150 solvere
1146 4092 1307 4149 teneatur.

63 4191 128 4256 Pro
153 4188 296 4276 qualibet
316 4211 394 4254 vero
412 4187 634 4254 vulneratione
647 4189 883 4276 praedictorum
899 4189 1127 4270 membrorum,
1140 4186 1306 4252 vulnerato

64 4319 180 4382 poena,
205 4316 287 4380 quae
311 4294 428 4360 dieitur
447 4294 711 4380 pantoodaescau,
735 4293 945 4382 persolvatur.
983 4292 1017 4358 Si
1040 4315 1117 4358 vero
1151 4293 1310 4378 quispiam

65 4398 272 4466 kmetbonem
306 4397 472 4482 occiderit,
506 4421 565 4464 sex
599 4421 724 4466 marcas
757 4398 883 4466 solvere
906 4407 1061 4474 teneatur,
1085 4419 1221 4484 quarum
1243 4405 1308 4460 tres

65 4505 161 4572 uxori
184 4503 237 4568 vel
262 4504 384 4592 pueris,
415 4505 443 4568 si
475 4503 665 4590 superstites
687 4504 817 4585 luerint,
845 4503 897 4568 vel
921 4503 971 4568 his
993 4523 1057 4568 nou
1080 4498 1306 4581 existentibus,

67 4609 257 4699 propinquis
290 4607 402 4692 occisi,
433 4605 563 4674 domino
594 4630 682 4696 vero,
723 4611 748 4674 si
781 4608 905 4674 occisor
936 4617 967 4673 et
990 4607 1116 4672 occisus
1149 4603 1307 4686 debonis

171 4715 242 4766 Slov.
260 4715 378 4779 decny.
1058 4700 1103 4770 73
1174 4765 1177 4772 ,
