3082 5128
468 381 593 434 xxxm
611 381 941 434 sensumsensurn
1253 367 1327 440 559

473 551 751 637 De‘eeseeaioee
773 569 931 636 candelae.

173 701 226 767 76.
252 702 425 783 Querelam
448 700 597 788 deposuit
619 699 776 788 Aegidius
801 709 911 765 contra
933 697 1117 784 Falconem,
1146 700 1232 788 quod
1255 723 1328 766 cum

75 809 112 872 in
140 805 239 871 domo
263 807 365 894 ipsius
387 806 518 892 Aegidii
546 805 631 871 laeta
651 805 765 871 fuisset
795 806 965 887 eontentio,
1000 807 1069 894 ipse
1096 805 1196 870 Falco
1219 828 1327 893 super-

75 911 221 975 veniens
257 908 424 974 candelam
459 911 615 992 extinxit,
649 931 713 996 qua
747 909 898 989 extincta,
934 906 1090 994 aegidius
1124 909 1228 975 nescit
1268 931 1329 975 nec

77 1016 169 1080 scire
193 1022 307 1102 potest,
323 1037 383 1100 per
405 1037 501 1102 quem
523 1015 556 1079 in
578 1011 635 1078 illa
656 1014 860 1078 contentione
882 1010 980 1076 fuerit
1001 1011 1205 1096 vulneratus3
1227 1013 1327 1079 Falco

77 1142 174 1202 vero,
199 1116 274 1185 lieet
296 1121 524 1185 extinctionem
548 1116 701 1183 candelae
724 1115 938 1199 eonfiteretur,
962 1124 1071 1182 tamen
1093 1115 1200 1204 ipsum
1223 1118 1327 1203 Aegi-

77 1223 173 1288 dium
201 1247 236 1288 se
259 1222 447 1289 vulnerasse
478 1221 681 1288 diffitebatur.
726 1220 794 1285 Nos
825 1221 933 1306 itaque
954 1242 976 1284 a
996 1221 1163 1308 praedicto
1186 1221 1327 1308 Aegidio

78 1336 196 1392 satore
212 1327 399 1414 juramento
422 1335 563 1412 recepto,
597 1324 683 1413 quod
706 1326 738 1389 in
762 1323 928 1412 praedicta
951 1325 1150 1390 extinctione
1172 1324 1328 1391 candelae

78 1431 191 1496 nascit
224 1453 283 1518 per
320 1451 417 1517 quem
444 1429 540 1494 fuerit
569 1428 766 1511 uulneratus,
801 1426 1000 1516 praedictum
1034 1427 1219 1512 Falconem,
1254 1430 1330 1517 quia

79 1533 253 1600 candelam
284 1533 502 1620 extinguendo
535 1532 663 1599 vulneri
693 1534 853 1621 praestitit
884 1533 1095 1616 occasionem,
1129 1535 1160 1597 in
1196 1532 1328 1598 vulnere

78 1639 238 1704 duximus
260 1636 545 1703 condemnandum
1326 1661 1329 1664 ·

170 1741 222 1808 77.
247 1742 433 1827 [Praeterea
455 1743 494 1807 de
518 1739 712 1807 villanorum
735 1751 865 1829 pastore
889 1739 1037 1828 deposuit
1048 1741 1216 1828 Aegidius,
1241 1741 1328 1830 quod

79 1869 180 1912 ovem
203 1844 244 1911 ad
266 1868 396 1932 gregem
427 1844 598 1934 impulsam
622 1854 656 1911 et
677 1846 844 1911 custodiae
877 1849 1014 1934 pastoris
1038 1847 1252 1928 commissam,
1288 1845 1328 1912 de

80 1973 184 2038 grege
205 1973 270 2017 non
292 1951 441 2019 rehabuit
469 1954 584 2018 iterato
608 1973 701 2017 ovem
725 1951 878 2036 eandem3
913 1960 1023 2038 pastor
1046 1973 1123 2040 yero
1152 1949 1327 2034 asserebat,

81 2079 119 2122 se
142 2056 280 2122 eandem
302 2078 397 2122 ovem
419 2080 483 2123 una
506 2079 579 2122 oum
602 2056 673 2121 aliis
696 2055 739 2122 ad
761 2055 871 2122 villam
903 2055 1084 2121 reduxisse.
1129 2055 1197 2121 Nos
1220 2057 1329 2142 itaque

80 2163 114 2225 in
138 2159 197 2225 tali
220 2183 297 2226 casu
321 2172 353 2227 et
375 2163 472 2227 simili
493 2172 655 2250 pastorem
680 2160 884 2226 decrevimus
902 2161 1026 2248 jurare,
1059 2159 1147 2247 quod
1169 2172 1262 2226 ove'm
1287 2160 1329 2225 ad

80 2262 196 2330 villam
219 2265 426 2346 reduxisset]

518 2406 567 2469 De
590 2405 664 2470 ludo
688 2404 885 2471 teaillorurn.

172 2535 222 2601 78.
258 2534 302 2600 Ut
324 2537 440 2601 noxius
464 2535 559 2602 ludus
582 2535 769 2602 taxillorum
792 2536 973 2617 abiiciatur,
997 2556 1056 2622 per
1078 2557 1175 2622 quem
1199 2537 1330 2624 saepius

79 2640 161 2726 justi
184 2649 291 2726 patres
313 2650 444 2727 propter
465 2639 603 2706 filiorum
637 2661 807 2706 excessum
843 2638 999 2704 debonis
1032 2637 1196 2725 pelluntur
1219 2650 1251 2705 et
1274 2640 1329 2705 de·

84 2745 254 2825 ducuntur,
277 2743 399 2831 absque
423 2743 586 2810 demeritis
610 2747 763 2832 ipsorum,
787 2744 829 2809 ad
849 2745 981 2810 nimiam
1004 2753 1238 2831 paupertatem,
1263 2754 1325 2808 stu·

86 2850 221 2914 luimus:
256 2847 301 2913 Ut
322 2850 350 2912 si
373 2845 510 2935 alicujus
540 2847 636 2930 filius,
667 2859 804 2936 utroque
831 2859 965 2935 parente
989 2848 1075 2912 sanis
1100 2849 1325 2930 existentibus,

84 2951 238 3018 deluserit
259 2951 396 3040 alicujus
416 2956 572 3040 pectmiae
586 2955 809 3040 quantitatem,
831 2953 989 3040 praedicti
1012 2951 1152 3017 ludentis
1176 2964 1327 3039 parentes

83 3078 147 3121 non
169 3055 366 3122 tenebuntur
386 3059 451 3143 ipsi
475 3059 587 3122 victori
611 3079 670 3145 pro
693 3061 837 3143 ipsorum
859 3055 925 3121 filio
950 3056 990 3121 ad
1005 3055 1144 3146 alicujus
1167 3058 1325 3142 pecuniae

84 3160 214 3226 delusae
239 3159 498 3227 satisfactionem.
520 3199 560 3210 -
576 3161 667 3226 Idem
691 3163 826 3227 dicimus
851 3161 891 3226 de
914 3160 1065 3226 ludaeis:
1091 3161 1126 3226 si
1142 3169 1328 3226 mutuarent

82 3265 252 3351 pecuniam
275 3263 331 3329 tali
354 3265 430 3350 filio,
466 3265 668 3331 exstantibus
692 3266 880 3354 parentibus
904 3265 1010 3331 adhuc
1030 3267 1126 3348 sanis,
1159 3268 1326 3333 concessio

82 3369 168 3432 faeta
190 3390 256 3434 uon
278 3368 394 3452 valeat,
425 3393 484 3436 nec
507 3371 548 3434 ad
570 3371 819 3436 satisfactionem
844 3369 985 3457 aliquam
1007 3369 1143 3436 ludaeis
1168 3371 1247 3438 dicti
1270 3395 1325 3459 pa-

84 3480 189 3537 rentes
212 3471 452 3560 compellentur.
475 3511 515 3523 -
540 3475 594 3542 Sio
617 3478 713 3541 etiam
731 3475 868 3540 dicimus
891 3474 931 3539 de
956 3476 1041 3538 omni
1062 3484 1227 3540 contractu
1241 3476 1324 3541 inito

82 3597 156 3640 eum
178 3575 395 3658 filiofamilias,
431 3577 517 3665 quod
547 3601 611 3644 non
633 3579 749 3664 valeat,
785 3603 859 3645 cum
882 3579 924 3644 sit
946 3580 979 3644 in
1003 3589 1138 3665 paterna
1166 3589 1327 3672 potestate

82 3679 282 3764 constitutus,
314 3691 445 3769 propter
474 3682 560 3770 quod
592 3705 655 3748 non
679 3683 797 3749 babeat
818 3669 955 3770 alicujus
978 3681 1153 3748 dominium
1177 3685 1234 3767 rei,
1263 3683 1325 3749 vel

82 3785 222 3870 aliquam
244 3787 455 3871 possessionis
479 3788 696 3852 traditionem.

478 3927 527 3991 De
551 3927 709 3992 lusoribus
733 3927 930 3992 taaillorurn.

168 4055 219 4121 79.
253 4055 307 4122 Ad
328 4056 601 4143 praecludendam
630 4059 792 4125 lusoribus
815 4057 1001 4124 taxillorum
1033 4058 1175 4126 malitiae
1199 4061 1322 4126 subtili-

83 4167 190 4236 tatem,
225 4161 280 4247 qui
303 4174 542 4229 consueverunt
564 4164 739 4230 inebriatos
763 4163 882 4228 autad
904 4164 1166 4250 provocationem
1202 4167 1325 4230 iracun-

84 4263 154 4328 diae
169 4263 334 4348 deduotos,
357 4277 551 4333 novercante
576 4269 655 4355 ipsis
671 4267 857 4334 taxillorum
872 4267 940 4333 ludi
954 4267 1091 4351 fortuna,
1116 4291 1212 4356 super
1233 4293 1324 4357 prue-

86 4377 166 4432 stam
190 4391 246 4434 seu
277 4371 470 4437 credentiam
503 4372 542 4438 do
572 4374 727 4459 pecuniis,
761 4375 852 4459 equis
884 4383 916 4438 et
938 4372 1133 4460 quandoque
1171 4373 1212 4438 de
1234 4374 1323 4440 here·

85 4471 234 4538 ditatibus
248 4475 390 4541 cribrare
412 4485 446 4542 et
462 4477 642 4564 exspoliare
655 4487 687 4542 et
703 4477 855 4543 daumose
868 4499 1070 4560 ammonere3
1088 4479 1143 4565 qui
1158 4479 1205 4543 sic
1219 4479 1322 4544 delusi
