3070 5118
491 414 615 466 xxvm.
640 413 746 466 saue
768 415 883 466 ottonis.
1224 399 1298 471 491

141 611 182 690 5.
209 607 264 674 26.
296 604 377 671 Item
402 606 429 670 si
463 605 535 692 quis
558 625 655 690 super
687 601 784 669 rebus
806 603 945 692 propriis
975 601 1148 670 mobilibus
1170 601 1223 668 vel
1245 603 1302 668 im·

32 709 241 776 mobilibus
263 710 298 775 in
314 709 440 798 judicio
453 708 657 774 convenitur:
679 707 791 772 eadem
803 706 898 790 bona,
916 707 957 773 de
973 708 1088 796 quibua
1100 707 1137 772 fit
1148 706 1303 795 quaestio,
1361 741 1365 754 ν

32 835 167 900 nsque
176 814 287 902 judex
309 835 413 900 neque
437 812 558 877 domini
579 822 684 877 terrae
706 810 834 876 villicus
857 811 919 878 sibi
941 811 1082 878 vindicet
1093 810 1301 898 possidenda,

32 917 234 1002 sedidem,
258 918 314 1006 qui
335 939 432 1004 snper
454 915 576 982 eisdem
598 915 691 982 bonis
703 916 903 998 convenitur,
926 913 1039 982 eadem
1060 913 1147 982 bona
1166 913 1299 1002 pacifice

32 1023 243 1110 possideat,
268 1021 371 1086 donec
393 1021 506 1086 eadem
529 1021 674 1106 quaestio
695 1041 755 1108 per
777 1020 969 1085 sententiam
992 1017 1166 1086 decidatur.

146 1149 179 1228 5.
207 1143 259 1210 27.
292 1142 374 1208 ltcm
397 1143 425 1206 si
446 1141 586 1227 vestigia
607 1142 655 1206 rei
676 1140 814 1207 furtivae
839 1163 932 1207 secus
954 1140 1096 1228 aliquam
1113 1139 1225 1208 villam
1247 1139 1301 1205 de·

39 1249 239 1335 perierint:
263 1245 376 1314 eadem
393 1244 472 1312 villa
494 1248 662 1312 occasione
684 1244 829 1334 ejusdem
841 1245 918 1312 furti
939 1244 1121 1311 nullatenus
1142 1245 1302 1332 puniatur.

147 1375 181 1454 5.
209 1370 260 1435 28.
294 1369 466 1434 Praeterea
487 1365 594 1432 nullus
617 1367 657 1433 de
679 1367 754 1451 illis,
777 1369 834 1454 qui
856 1366 1041 1434 custodiunt
1062 1365 1185 1444 silvam,
1209 1365 1304 1432 debet

37 1473 207 1562 spoliare
229 1472 367 1559 aliquem
389 1471 489 1536 invia
511 1470 564 1537 vel
587 1471 713 1555 infero,
728 1472 792 1536 nisi
813 1481 890 1536 tunc
911 1470 1001 1537 illum
1025 1471 1150 1558 spoliet,
1173 1469 1302 1558 quando

37 1579 190 1644 invenit
213 1577 360 1644 arborem
386 1583 557 1640 secantem.
580 1574 634 1640 Ad
656 1575 717 1640 boc
725 1575 830 1664 judex
849 1598 1013 1664 nunquam
1023 1575 1150 1662 judicet
1170 1577 1204 1640 in
1216 1571 1300 1639 000

38 1683 217 1760 denariis,
241 1682 304 1746 nisi
324 1679 396 1744 LX.

146 1809 181 1888 5.
215 1803 273 1886 29.
308 1800 448 1888 Insuper
479 1823 640 1889 nunquam
670 1801 774 1890 judex
809 1799 905 1866 debet
932 1801 1081 1889 judicare
1104 1801 1202 1884 solus,
1237 1801 1299 1866 uisi

41 1917 236 1996 praesente
270 1905 444 1972 castellano
478 1913 534 1970 aut
567 1905 728 1992 aliquibus
751 1903 922 1971 nobilibus.
957 1905 1001 1970 Et
1022 1905 1151 1993 quando
1173 1905 1301 1974 villicus

35 2013 198 2100 judicat,
231 2033 295 2077 non
330 2009 426 2076 debet
460 2009 506 2075 ire
539 2009 582 2074 ad
604 2009 795 2097 capiendum
824 2008 993 2076 consilium
1016 2009 1056 2076 de
1073 2009 1208 2098 jndicio,
1245 2009 1302 2077 sod

36 2118 188 2206 judicet
211 2115 326 2181 sedens
349 2136 421 2180 oum
445 2113 609 2180 militibus.

150 2243 183 2322 5.
208 2237 260 2303 30.
295 2235 375 2302 Item
399 2234 527 2324 quando
551 2243 677 2322 tempus
700 2244 749 2301 est
771 2237 818 2301 ire
840 2234 881 2301 ad
898 2236 1111 2324 judicandum
1134 2245 1166 2302 et
1188 2260 1301 2303 omues

43 2351 145 2424 sunt,
172 2350 206 2405 et
227 2340 354 2406 villicus
378 2363 442 2404 non
463 2338 534 2405 vult
558 2341 685 2405 venire:
704 2339 809 2428 judex
826 2340 953 2428 judicet
976 2363 1049 2404 eum
1071 2339 1235 2406 militibus.

150 2469 184 2547 5.
208 2464 259 2527 31.
295 2461 339 2527 Et
361 2460 401 2527 de
424 2484 519 2528 mane
543 2485 680 2549 semper,
712 2470 743 2527 et
777 2485 941 2550 nunquam
964 2462 1043 2528 bora
1064 2465 1300 2549 vespertina,a

37 2569 174 2657 judice
199 2567 249 2632 vel
271 2565 379 2632 villico
399 2565 559 2653 judicium
581 2566 744 2632 habeatur.

150 2694 183 2771 5.
206 2689 258 2752 32.
293 2686 430 2767 Quando
464 2686 580 2774 aliquis
612 2687 803 2752 interficitur
836 2687 868 2753 in
890 2687 953 2770 via,
977 2689 1048 2753 sive
1071 2687 1165 2753 homo
1189 2685 1299 2752 militis

45 2797 132 2860 sive
150 2792 272 2881 judicis
295 2793 363 2856 sive
385 2791 487 2856 villici
510 2791 626 2856 fuerit:
650 2789 795 2856 confusio
809 2813 927 2878 magna
949 2790 1024 2856 inde
1046 2791 1095 2875 fit3
1119 2789 1223 2856 solent
1244 2813 1298 2877 ap·

43 2898 138 2986 poni
173 2895 307 2976 denarii,
340 2917 452 2959 aurum
476 2902 508 2958 et
530 2904 715 2980 argentum3
749 2893 814 2971 ille,
848 2895 903 2982 qui
933 2904 1073 2979 accusat,
1098 2903 1130 2958 et
1152 2893 1299 2960 dominus

46 3001 162 3067 debet
180 3000 292 3086 jurare
317 3019 414 3085 super
437 3007 548 3062 sancta
570 3007 762 3064 sanctorum.
1103 2997 1105 3002 ’

149 3125 178 3202 5.
203 3119 253 3184 33.
287 3120 350 3185 Pro
383 3119 492 3184 debito
526 3119 647 3206 siquis
682 3121 796 3185 citatus
819 3123 926 3202 luerit,
951 3127 982 3183 et
1004 3120 1038 3183 in
1060 3119 1163 3205 primo
1188 3120 1297 3185 termi-

46 3250 96 3292 no
139 3246 206 3289 non
229 3223 366 3288 astiterit
383 3223 528 3309 judicio:
550 3223 718 3307 vendatur,
753 3224 814 3288 nisi
836 3223 1014 3310 legitimum
1038 3222 1175 3311 probaro
1196 3225 1300 3310 possit

50 3327 343 3416 impedimentum.

148 3454 179 3532 5.
202 3449 253 3514 34.
288 3447 424 3536 Insuper
454 3447 561 3514 nullus
595 3448 635 3514 de
672 3449 853 3515 hominibus
874 3449 1040 3534 nobilium,
1074 3451 1129 3537 qui
1151 3449 1241 3515 vadit
1262 3454 1297 3517 in

48 3557 175 3642 aliqua
195 3553 247 3618 vel
271 3554 457 3640 inproprie
479 3552 648 3639 legatione,
672 3555 741 3620 sive
760 3553 801 3619 ad
824 3552 938 3638 forum,
961 3577 1123 3642 nunqnam
1146 3557 1178 3621 in
1203 3580 1296 3640 novo,

51 3660 123 3726 nisi
148 3659 183 3723 in
207 3659 338 3745 antiquo
361 3657 509 3724 theloneo
533 3656 648 3724 solvat.

150 3785 178 3864 5.
203 3779 254 3844 35.
288 3777 370 3845 Item
404 3777 622 3864 adjudicium
645 3779 751 3845 nullus
785 3779 927 3864 accedat,
964 3783 1026 3863 nisi
1054 3781 1096 3848 de
1128 3783 1222 3850 domo
1246 3807 1295 3850 ec·

54 3883 207 3950 cundum
231 3884 280 3968 jus
303 3886 408 3971 primo
431 3884 555 3949 citetur.

150 4010 182 4088 5.
206 4005 256 4070 36.
291 4004 427 4092 Insuper
460 4007 487 4070 si
509 4004 636 4072 villicus
669 4009 754 4093 regis
789 4007 858 4072 aine
875 4009 999 4096 judicio
1022 4008 1162 4096 aliquem
1184 4011 1296 4099 impig-

54 4109 239 4192 noraverit,
274 4131 333 4174 rex
366 4133 425 4174 sno
454 4110 529 4196 jure
559 4111 714 4196 corrigat3
749 4112 777 4175 si
799 4110 925 4178 villicus
959 4114 1135 4198 camerarii,
1158 4138 1297 4182 marcam

55 4215 133 4282 auri
159 4213 286 4298 solvat3
309 4214 337 4278 si
358 4213 516 4297 dominus,
540 4213 696 4280 beneficio
720 4225 835 4282 careat.

149 4339 179 4418 5.
203 4335 255 4402 31.
290 4335 463 4400 Praeterea
496 4335 647 4420 duellum,
666 4337 751 4424 quod
775 4340 808 4403 in
830 4337 958 4424 vulgari
980 4339 1096 4405 dicitur
1118 4341 1174 4427 ky
1180 4341 1208 4428 j,
1232 4365 1296 4407 non

57 4442 208 4506 habeant
230 4442 290 4505 uisi
313 4439 354 4505 ad
377 4451 556 4508 extraneos.

151 4565 182 4645 5.
205 4561 256 4626 38.
289 4561 329 4627 In
349 4560 399 4628 his
429 4563 578 4630 omnibus
612 4566 789 4653 excipimus
812 4566 982 4654 privilegia
1003 4563 1224 4652 religiosorum
1247 4569 1294 4634 vi·

1016 4657 1089 4756 62⁴¹
