3070 5118
262 403 337 476 504
680 419 777 473 xxxa
795 420 920 487 najara
937 421 1067 474 onoma.

262 607 324 674 boc
345 609 546 696 deputatum,
566 610 678 698 positis
701 609 811 695 digitis
834 633 932 698 super
954 633 1092 696 crucem,
1110 612 1247 700 jurabit3
1284 623 1316 678 et
1340 615 1368 678 si
1392 616 1487 700 primo

261 713 314 778 vel
337 714 479 780 seeundo
506 713 648 801 jurando
677 737 743 780 non
775 717 979 802 processerit,¹
1000 716 1052 781 vel
1084 715 1201 803 digitos
1224 716 1266 782 de
1287 739 1386 783 cruce
1410 717 1486 782 leva-

260 817 351 902 verit,
374 826 452 884 tunc
470 821 564 884 tertio
584 817 710 884 dicatur
728 819 802 903 sibi,
818 819 903 907 quod
919 843 954 885 se
969 820 1088 887 debeat
1106 821 1286 887 emendare.
1322 827 1353 906 §.
1376 823 1410 887 2.
1433 819 1490 902 Qui

261 921 288 987 si
311 945 346 988 se
369 945 433 988 non
457 924 683 1003 emendaverit,
707 946 836 990 causam
864 947 954 991 suam
977 925 1046 1014 ipso
1075 925 1161 991 facto
1183 949 1218 991 se
1240 929 1367 992 noverit
1390 927 1488 1015 perdi·

261 1026 358 1092 disse.
403 1031 432 1110 ξ.
456 1027 486 1094 3.
510 1027 629 1094 Actora
651 1037 759 1093 autem
780 1029 975 1115 procedente
995 1031 1029 1095 in
1047 1032 1123 1119 jure
1145 1033 1354 1118 praescripto,
1379 1033 1488 1098 ciuus

262 1131 359 1197 simili
376 1132 472 1198 modo
490 1133 602 1220 jurare
632 1142 788 1198 teneatur.
833 1137 863 1216 ξ.
886 1135 915 1198 4.
950 1131 1014 1214 Qui
1037 1135 1065 1198 si
1086 1137 1291 1220 processerit,
1312 1145 1393 1202 tunc
1416 1137 1489 1202 alios

263 1235 344 1302 dnos
374 1237 462 1302 viros
494 1236 637 1321 idoneos,
660 1259 725 1302 non
756 1247 863 1302 tamen
886 1259 941 1303 eos
963 1237 1005 1303 ad
1026 1236 1153 1304 tabulas
1174 1239 1375 1326 apponendo,
1399 1241 1489 1307 debet

261 1340 390 1424 babere,
413 1361 549 1427 quorum
567 1341 701 1427 quisque
718 1363 776 1427 per
796 1364 829 1406 se
842 1340 973 1427 jurabit,
989 1341 1212 1408 informatione
1231 1351 1365 1432 recepta
1384 1349 1487 1432 prius:

263 1444 438 1532 „quidquid
455 1445 570 1510 citatus
586 1443 640 1509 ille
654 1446 786 1532 juravit,
804 1467 917 1512 verum
937 1447 1079 1510 continet
1092 1447 1342 1534 juramentum.“
1368 1449 1487 1530 Quibus

259 1549 339 1614 viris
362 1557 395 1613 st
416 1549 511 1614 citato
529 1548 695 1635 praedicto
714 1548 962 1636 procedentibus
981 1551 1013 1615 in
1028 1552 1219 1638 juramentis
1238 1573 1360 1637 eorum,
1377 1555 1486 1618 citatus

259 1655 330 1741 ipse
352 1651 517 1719 absolutus
539 1675 559 1717 a
582 1674 679 1718 causa
699 1652 790 1720 totali
811 1653 1002 1740 intelligitur
1022 1655 1093 1741 ipso
1115 1655 1196 1741 jure.
1269 1677 1273 1686 ·

592 1842 674 1910 CIV.
707 1845 758 1910 Dc
778 1847 956 1911 mentione
976 1849 1155 1912 emteatioe.

268 1947 270 1952 V
346 1987 376 2068 ξ.
401 1985 429 2050 1.
453 1983 559 2050 (litato
579 1985 737 2068 convicto,
750 1983 877 2051 defectu
891 1985 973 2051 forte
988 1985 1187 2074 probationis
1206 1995 1261 2054 sut
1279 1991 1484 2072 contumacia,

260 2087 312 2156 vel
345 2111 535 2177 quacunque
568 2087 631 2154 alia
659 2089 751 2176 justa
784 2110 898 2155 causa:
933 2099 1022 2156 actor
1055 2091 1183 2179 quando
1219 2093 1369 2178 voluerit,
1393 2093 1481 2160 alium

259 2192 426 2278 bidellum,
455 2203 584 2282 praeter
612 2191 704 2258 illum
734 2195 790 2282 qui
824 2195 1007 2262 citationem
1036 2193 1121 2278 fecit,
1143 2205 1240 2284 petat,
1264 2199 1321 2285 qui
1348 2201 1483 2264 minans

258 2297 301 2363 ad
333 2298 465 2381 victum,
498 2320 629 2366 monere
663 2320 745 2382 eum,
779 2297 865 2386 quod
896 2321 993 2386 super
1025 2321 1121 2364 causa
1150 2301 1219 2387 jam
1253 2301 1388 2369 obtenta
1419 2327 1482 2368 cun

258 2411 370 2468 actone
404 2401 576 2468 concordet
604 2402 688 2468 infra
717 2401 796 2468 duas
829 2405 1033 2492 septimanas.
1078 2409 1108 2487 ξ.
1136 2405 1166 2470 2.
1201 2403 1356 2486 Quodsi
1385 2408 1482 2473 lacere

258 2506 466 2590 recusaverit,
489 2528 572 2570 unus
595 2529 637 2572 ex
658 2507 869 2573 beneficiariis
900 2507 942 2573 ad
965 2509 1026 2572 hoo
1056 2509 1236 2596 deputatus,
1259 2509 1406 2576 adhibito
1428 2511 1481 2575 sibi

257 2609 378 2677 bidello
408 2609 480 2695 alio,
502 2618 630 2698 praeter
662 2634 718 2677 eos
747 2613 802 2699 qui
834 2613 868 2676 in
900 2613 1051 2678 citatione
1080 2623 1113 2678 et
1141 2614 1317 2679 monitione
1352 2615 1480 2694 manant,

259 2715 397 2782 eundem
429 2723 569 2781 actorem
592 2716 625 2780 in
647 2717 883 2802 possessionem
916 2715 1104 2783 hereditatis
1133 2719 1210 2783 victi
1242 2719 1403 2806 praedicti
1430 2743 1479 2806 pro

260 2823 434 2907 quantitate
464 2820 557 2908 pretii
594 2822 754 2886 aestimati
787 2820 896 2886 domm
933 2821 1024 2908 petiti
1054 2844 1151 2908 super
1182 2821 1341 2888 reditibus
1375 2825 1477 2889 annun

258 2924 446 2991 hereditatis
468 2923 570 3012 ipsius
607 2922 833 3014 (computando
860 2923 982 2990 scilicet
1003 2925 1046 2989 ad
1067 2926 1222 2992 rationem
1243 2949 1374 2992 mareas
1396 2928 1478 2992 unius

260 3028 358 3094 annui
398 3029 522 3094 reditus
557 3051 617 3117 pro
653 3029 755 3116 pretio
795 3051 976 3094 marearum
1012 3027 1135 3112 decem)
1168 3031 1312 3114 inducet3
1367 3041 1400 3098 et
1429 3055 1478 3118 pro

258 3132 392 3199 totidem
414 3131 470 3199 fiet
490 3131 633 3199 inductio
656 3141 688 3198 et
709 3132 804 3199 modo
827 3132 923 3198 simili
944 3141 1048 3198 ten-ae
1071 3133 1237 3219 beneficio,
1252 3143 1288 3199 ut
1310 3144 1361 3200 est
1382 3137 1476 3201 moris.

261 3239 290 3320 ξ.
318 3237 348 3302 3.
389 3235 577 3303 Hereditate
606 3237 748 3303 censuali
777 3260 841 3302 non
865 3246 1011 3302 exstante
1033 3236 1087 3302 vel
1108 3259 1172 3304 non
1193 3247 1331 3324 reperta,
1355 3241 1412 3306 liet
1432 3263 1479 3327 per

260 3341 502 3408 beneficiarium
524 3351 556 3408 et
583 3339 737 3407 bidellum
759 3342 932 3427 assignatio
963 3364 1059 3430 super
1080 3339 1174 3408 bonis
1200 3341 1392 3409 hereditatis
1414 3344 1479 3410 victi

258 3445 484 3513 adunaturam
507 3445 703 3531 sistentibus,
725 3447 835 3524 actori,
857 3467 959 3532 usque
981 3445 1022 3510 ad
1045 3456 1286 3514 concurrentem
1321 3471 1383 3514 seu
1405 3447 1479 3514 suffi-

259 3553 397 3618 cientem
426 3552 636 3638 quantitatem
673 3551 902 3616 aestimationis
937 3550 1045 3615 damni
1077 3550 1171 3634 illati3
1213 3559 1246 3617 et
1278 3551 1322 3618 ad
1356 3555 1480 3620 totidem

260 3652 426 3738 beneficio,
449 3653 541 3721 titulo
566 3676 660 3720 verae
691 3653 894 3740 obligationis
917 3663 950 3718 et
970 3677 1079 3740 purae.
1124 3661 1152 3739 ξ.
1175 3654 1206 3721 4.
1243 3655 1380 3723 Debent
1401 3681 1482 3746 prae·

259 3768 349 3825 terea
368 3756 591 3824 beneficiarius
616 3767 647 3823 et
668 3755 814 3823 bodellus
835 3757 948 3823 incolis
970 3757 1166 3843 hereditatis,
1182 3780 1278 3842 super
1295 3783 1363 3848 qua
1381 3763 1481 3828 induc·

260 3863 381 3929 tionem
402 3859 456 3928 vel
478 3863 726 3948 assignationem
747 3863 886 3946 fecerint,
910 3861 1102 3950 significare,
1120 3884 1183 3950 qua
1202 3862 1243 3929 de
1262 3887 1363 3930 causa
1386 3876 1419 3932 et
1439 3867 1483 3931 cui

261 3967 408 4034 fecerunt
430 3965 645 4032 inductionem
674 3965 726 4032 vel
755 3968 1004 4052 assignationem
1036 3967 1242 4056 praedictam,
1264 3969 1380 4056 eisque
1402 3993 1482 4057 prae

261 4073 378 4159 cipere,
401 4071 487 4159 quod
507 4069 623 4138 abinde
644 4069 776 4136 inantea
797 4073 899 4138 actori
920 4071 1049 4138 inducto
1072 4081 1235 4158 umquam
1258 4095 1337 4143 vero
1361 4073 1483 4142 domino

259 4175 446 4242 hereditatis
469 4174 606 4240 debeant
623 4173 828 4262 respondere,
844 4175 897 4242 vel
915 4175 999 4243 infra
1014 4177 1207 4264 septimanas
1224 4177 1304 4243 duas
1322 4182 1483 4246 continuas

258 4303 279 4345 a
300 4276 353 4345 die
385 4277 626 4364 significationis
659 4278 826 4366 praedicta
855 4279 1070 4346 numerandas
1101 4303 1174 4346 eum
1209 4282 1361 4348 omnibus
1396 4285 1483 4350 rebus

259 4405 370 4450 eorum
392 4382 482 4449 exire
504 4382 545 4449 de
566 4381 744 4450 hereditate
765 4385 938 4472 praedicta.
984 4387 1013 4467 ἓ.
1038 4387 1069 4454 5.
1099 4383 1194 4466 Quod
1216 4389 1242 4451 si
1265 4387 1346 4452 dicti
1367 4385 1482 4454 incolae

258 4509 319 4553 neo
348 4487 544 4574 respondere
573 4489 674 4553 actori
704 4499 856 4574 tanquam
889 4489 1028 4573 domino,
1049 4511 1111 4555 neo
1134 4490 1173 4555 de
1196 4489 1378 4558 hereditate
1402 4493 1481 4557 exire

259 4591 455 4656 curaverint:
482 4599 560 4656 tuno
582 4591 677 4656 lioeat
697 4593 797 4658 actori
820 4593 992 4681 praedicto,
1015 4591 1171 4660 adhibitio
1194 4593 1256 4661 sibi
1277 4593 1413 4680 bidella,
1432 4593 1478 4662 illo
