3070 5118
246 395 321 468 496
580 405 675 460 xxrx,
702 405 872 474 ruruegrum
895 406 1141 460 scelerosarum.

245 599 502 692 praesumpserit,
531 597 617 686 quod
645 598 692 666 ibi
725 599 931 687 consumpsit,
953 601 994 664 iu¹
1010 597 1106 686 duplo
1139 597 1296 679 restituat,
1321 605 1356 661 et
1376 593 1473 662 nobis

246 706 335 774 mille
358 703 414 771 OC
444 704 594 771 denarios
627 702 807 791 persolvat3
844 702 1014 770 mediocris
1047 725 1125 770 vero
1157 723 1296 790 persona
1328 699 1479 766 similiter

244 833 403 900 expensas
443 809 490 874 ibi
528 809 629 874 factas
662 809 697 874 iu
729 807 827 896 duplo
863 809 1019 893 restituat,
1056 808 1212 895 nobisque
1244 809 1278 874 iu
1309 808 1477 874 sexcentis

243 916 381 982 denariis
404 913 665 1002 condempnetur.

328 1021 358 1086 l.
390 1017 475 1084 Illud
494 1020 590 1084 etiam
609 1017 736 1106 penitus
754 1017 946 1101 inhibemus,
963 1041 1004 1084 ne
1023 1017 1216 1086 marscalsus
1236 1025 1347 1084 noster
1360 1018 1475 1105 junior

240 1145 409 1214 pauperes,
431 1125 466 1188 in
487 1121 556 1189 loro
579 1122 756 1188 vendentes
777 1144 829 1188 res
858 1145 942 1208 suas,
964 1125 997 1189 iu
1019 1122 1127 1210 aliquo
1149 1123 1266 1190 audeat
1288 1122 1474 1204 molestare,

242 1237 377 1316 excepto
399 1226 486 1314 quod
507 1248 528 1292 a
549 1226 692 1313 quolibet
720 1225 848 1292 homine
881 1249 1007 1314 panem,
1031 1228 1146 1314 pisum,
1169 1226 1292 1292 milium
1316 1235 1351 1292 et
1373 1225 1474 1292 salem

239 1331 408 1410 vendente,
439 1330 538 1397 semel
560 1333 594 1396 in
616 1331 801 1418 septimana,
829 1329 952 1398 scilieet
975 1331 1029 1396 VI.
1053 1331 1143 1415 feria,
1167 1355 1263 1398 uuum
1298 1329 1470 1396 decadum

238 1436 293 1505 vel
313 1435 533 1526 aequipollens
556 1435 697 1524 resipiat,
719 1443 751 1500 et
772 1457 837 1501 non
860 1435 955 1502 ultra.

246 1531 249 1536 ¹
271 1579 275 1588 ·
324 1541 354 1607 8.
388 1540 480 1608 Illam
503 1541 598 1606 etiarn
620 1539 884 1606 consuetudinem
902 1540 1046 1606 homines
1065 1539 1300 1608 ecclesiasticos
1319 1540 1471 1606 volumus

235 1647 382 1729 retinere,
408 1645 494 1732 quod
524 1645 566 1710 ad
599 1643 828 1710 succidendum
857 1644 981 1727 silvam,
1004 1644 1091 1732 quod
1120 1643 1307 1732 preseka
1336 1644 1468 1726 dicitur,

239 1749 291 1818 vel
314 1758 454 1816 casuum
475 1748 711 1814 aedificandum
733 1747 787 1816 vel
808 1749 850 1814 ad
872 1748 1019 1814 facienda
1041 1748 1170 1832 fossata,
1186 1771 1260 1816 oum
1281 1749 1470 1815 hominibus

238 1855 356 1924 nostris
379 1865 411 1922 et
433 1854 590 1920 baronum
612 1853 758 1919 laborent
780 1853 981 1942 (laboretur).

321 1960 351 2025 9.
384 1959 435 2024 Et·
456 1967 493 2025 ut
514 1957 580 2046 (ea)
612 1980 695 2046 quae
729 1957 908 2046 privilegiis
937 1980 1051 2044 regum
1082 1968 1115 2024 et
1144 1958 1261 2024 ducum
1283 1957 1467 2042 Boemliae)

233 2061 364 2151 probari
389 2071 540 2150 poterunt
570 2085 640 2128 esse
671 2085 737 2145 sua,
766 2062 914 2130 volumus
944 2061 1031 2150 quod
1064 2062 1202 2129 habeant
1224 2071 1257 2127 et
1279 2061 1468 2150 possideant

234 2169 303 2234 siue
325 2167 392 2248 lite,
415 2177 447 2232 et
469 2167 516 2234 uti
537 2164 608 2233 aliis
630 2166 766 2232 testibus
789 2190 854 2234 non
876 2177 1040 2253 cogantur.
1100 2231 1103 2240 ,

320 2272 370 2338 10.
403 2272 448 2337 Et
477 2271 603 2359 quaudo
633 2270 749 2358 aliquis
778 2293 837 2358 pro
870 2271 978 2360 aliqua
1007 2293 1105 2338 causa
1138 2272 1340 2350 convenitur,
1371 2271 1465 2338 liceat
1526 2319 1527 2332 .

232 2375 263 2442 ei
284 2377 332 2442 uti
352 2375 533 2446 testimonio
556 2397 826 2464 quorumcunque.

319 2481 369 2546 11.
403 2479 559 2547 Volumus
588 2482 685 2546 etiam
715 2490 746 2546 et
775 2481 991 2568 praecipimus
1025 2481 1188 2570 (firmiter)
1217 2480 1398 2564 observari,
1424 2503 1464 2544 us

231 2585 346 2674 aliquis
375 2583 502 2652 villicus
533 2608 591 2651 seu
623 2584 835 2652 benelioiarus
865 2585 917 2650 vel
948 2585 1094 2652 offidalis
1116 2595 1226 2652 noster
1247 2586 1318 2650 siue
1336 2585 1463 2674 judicio
1525 2627 1526 2664 3

230 2699 341 2758 nostm
370 2689 424 2755 vel
450 2689 631 2756 cancellarii
658 2712 714 2756 seu
747 2689 878 2777 majoris
908 2690 1028 2778 judicis
1061 2693 1167 2756 curiae
1201 2697 1331 2756 nostrae
1365 2688 1463 2756 homi·
1525 2695 1526 2698 ’

229 2816 287 2862 nes
322 2793 527 2864 eeclesiarum
560 2794 700 2860 audeant
727 2793 908 2878 molestare,
942 2817 983 2861 ne
1016 2796 1087 2882 quis
1110 2794 1330 2882 adjudicium
1352 2795 1462 2860 venire

233 2907 376 2986 cogetur,
399 2899 462 2964 nisi
485 2899 545 2967 sub
567 2899 748 2966 testimonio
772 2901 813 2966 sit
835 2901 958 2966 citatus.
1524 2985 1525 2990 ἵ

318 3003 368 3070 12.
404 3003 447 3069 Et
468 3003 544 3091 quia
565 2999 607 3069 ab
629 3005 760 3092 antiquo
782 3013 913 3092 propter
934 3003 1092 3070 vilitatem
1114 3010 1262 3070 monetae
1278 3025 1298 3070 a
1317 3003 1460 3091 quolibet
1524 3045 1525 3096 ᾖ

230 3109 326 3174 citato
355 3106 397 3175 ad
431 3129 559 3174 causam
581 3107 685 3174 XXX
707 3108 830 3174 denarii
852 3109 1026 3176 camerario
1056 3107 1272 3191 solvebantur,
1295 3106 1455 3192 volumus,

227 3223 263 3278 ut
285 3211 351 3278 XV
372 3211 513 3278 deumiis
535 3213 729 3278 camerarius
752 3213 794 3279 sit
816 3221 994 3280 contentus.

314 3317 364 3382 13.
398 3315 440 3382 Et
473 3317 550 3404 quia
580 3316 713 3383 abbates
743 3325 774 3382 et
804 3316 860 3384 alii
890 3316 1096 3384 ecclesiarum
1129 3315 1263 3404 praelati
1285 3315 1329 3383 ad
1350 3315 1458 3398 alium,
1523 3365 1524 3368 ,

227 3442 322 3507 quam
343 3420 386 3487 ad
407 3442 475 3503 nos,
497 3442 557 3508 prc
576 3421 681 3488 causis
704 3421 770 3486 suis
792 3419 952 3508 refirgium
974 3420 1097 3487 nullum
1119 3419 1252 3490 babent:
1275 3420 1458 3508 ubicunque

228 3523 380 3610 generale
420 3523 613 3612 colloquium
650 3524 797 3592 debuerit
837 3524 1003 3606 celebrari,
1043 3523 1085 3591 ad
1126 3523 1302 3592 audiendas
1344 3546 1456 3590 causas

225 3649 317 3696 crum
362 3637 436 3696 ante
469 3628 523 3696 vel
554 3627 638 3696 infre
670 3627 723 3694 vel
758 3652 824 3696 una
856 3629 908 3696 die
944 3638 1018 3718 post
1050 3629 1146 3717 (post,
1179 3652 1244 3695 uns
1278 3629 1345 3715 die)
1385 3651 1456 3695 cnm

226 3733 489 3821 paucisBoemis
512 3742 639 3800 etcum
661 3732 852 3802 cancellario
885 3735 1098 3822 promittimus
1121 3733 1168 3800 eis
1190 3733 1373 3802 audentiam
1398 3755 1455 3800 nos
1522 3769 1523 3816 q

224 3837 365 3906 datuurus.

310 3943 361 4008 14.
394 3942 488 4008 Illam
510 3942 647 4031 denique
670 3964 803 4029 pravam
828 3951 860 4008 et
881 3964 1067 4030 perversam
1089 3941 1354 4010 consuetudinem
1375 3939 1452 4008 abo·

222 4044 334 4132 lemus,
358 4069 421 4134 qua
451 4046 558 4113 clerici
588 4045 802 4114 censebantur
836 4048 963 4136 pejores
985 4069 1057 4114 esse
1078 4047 1221 4132 ludaeis,
1245 4047 1399 4114 videlicet
1423 4049 1453 4112 in

221 4147 355 4218 teloneis
378 4153 411 4218 in
434 4153 522 4218 exitu
544 4160 649 4218 terrae
671 4161 814 4238 nosuae3
837 4173 912 4218 nam
938 4153 995 4218 ubi
1016 4151 1159 4218 Judaeus
1182 4174 1292 4236 unum,
1316 4150 1452 4216 clericos

220 4253 323 4320 XXX
355 4254 505 4322 denarios
542 4254 757 4343 persolvebat.
802 4255 837 4322 Si
875 4257 947 4342 quis
983 4277 1060 4322 vero
1098 4263 1208 4323 contra
1244 4255 1306 4322 boc
1341 4257 1452 4322 venire

220 4361 480 4447 praesumpserit,
504 4359 653 4426 domiuus
675 4359 794 4426 telonei
820 4357 1060 4427 malefactorem
1088 4370 1206 4428 statuat
1227 4382 1338 4428 coram
1360 4359 1451 4428 nobis

220 4461 271 4529 vel
296 4463 450 4532 beneficio
473 4473 589 4549 careat,
612 4466 646 4530 iu
668 4487 730 4552 quc
755 4464 887 4530 clericos
910 4463 1102 4533 molestavit.

306 4569 356 4634 15.
377 4569 422 4635 Et
442 4567 698 4656 quandocunque
720 4567 772 4633 fur
794 4569 919 4654 capitur
939 4571 972 4634 in
996 4568 1104 4656 aliqua
1126 4567 1216 4635 villa:
1240 4568 1310 4636 sole
1329 4570 1449 4649 domus,
