3082 5128
427 487 554 543 xxxin.
572 488 678 542 sunu
694 489 904 542 wauoanunr
1216 469 1290 542 545

37 679 266 746 conditionem
294 681 435 747 ereditur
465 680 653 768 opposuerit
681 679 769 744 eirea
797 699 850 744 ree
880 675 1050 762 obligatae,
1083 676 1215 763 majoris
1238 677 1292 744 val

38 785 183 850 minoris
205 786 409 873 quantitatia3
431 786 460 851 ai
481 807 540 872 pro
562 785 679 850 minori
694 783 830 870 peounia
845 805 898 848 rea
917 780 1076 868 obligatae
1098 779 1292 872 obligaverit

39 888 199 956 debitor:
220 913 279 978 per
293 889 438 979 jndicem
462 890 653 956 decernatur
674 887 815 955 creditae
836 889 994 977 pecuniae
1016 907 1172 953 summam
1193 883 1292 956 adim-

39 993 137 1079 plere
164 993 366 1078 laoultatem3
399 996 427 1060 ei
450 1017 526 1062 vero
548 1016 606 1084 pro
630 994 745 1110 mgjori
768 1014 893 1058 summa
915 991 1071 1080 pecuniae
1093 1012 1146 1056 rea
1168 987 1288 1076 obliga-

42 1098 133 1162 verit
160 1097 329 1186 obligatoa,
352 1097 527 1182 reaiduurn,
550 1097 708 1188 quidquid
730 1097 923 1185 superfuerit
945 1095 1030 1163 ultru
1053 1117 1209 1162 summam
1225 1116 1292 1160 ore-

42 1201 164 1288 ditum,
188 1202 316 1270 debitor
338 1201 492 1270 creditori
513 1203 684 1269 restituere
706 1210 861 1270 teneatur.
1055 1198 1061 1208 ’

220 1371 270 1435 De
291 1370 349 1436 illo
371 1369 427 1458 qui
448 1379 618 1434 aemorum
638 1393 698 1455 pro
720 1369 872 1436 uiolentia
888 1391 949 1456 per
971 1377 1118 1434 actorem.

133 1500 189 1564 30.
225 1499 407 1583 Praeterea,
440 1510 476 1566 ut
497 1499 583 1566 ultra
612 1501 667 1565 via
696 1497 864 1564 calumniis
886 1498 1021 1564 ulterius
1055 1495 1292 1590 praecludatur,

41 1604 239 1670 statuimus:
273 1603 370 1686 Quod
392 1605 421 1671 oi
443 1603 570 1694 eliquit,
601 1605 682 1671 aliae
706 1603 811 1671 bonae
841 1603 956 1687 lamae,
988 1603 1019 1668 iu
1044 1601 1203 1692 judicium
1233 1623 1292 1692 pro

40 1706 296 1797 aliquibualibet
318 1708 481 1776 violentiis
499 1718 660 1787 evocatur,
683 1717 940 1785 aetorteueutur,
963 1705 1185 1796 quodaaeerit,
1207 1727 1291 1771 eom-

41 1812 202 1900 probare;
240 1811 321 1879 aliae
355 1837 430 1880 reue
464 1813 684 1880 tantummodo
720 1837 756 1880 ee
791 1813 976 1901 juramento
1018 1811 1148 1901 proprio
1185 1809 1294 1878 valeat

42 1939 246 2007 expurgare.

372 2061 422 2125 De
445 2059 501 2126 illo
524 2061 580 2148 qui
601 2071 770 2126 aeoruotur
788 2083 849 2147 pro
864 2059 970 2148 furto.

132 2188 190 2252 31.
224 2187 317 2272 Item,
340 2189 368 2254 oi
390 2187 507 2277 aliquio
536 2190 634 2256 fuerit
662 2187 807 2278 ejusdem
830 2187 1002 2278 parochiae
1031 2211 1088 2254 eeu
1118 2187 1293 2281 districtus,

41 2301 75 2357 et
91 2291 137 2357 de
153 2291 241 2358 firrto
256 2293 471 2381 quarumlibet
492 2317 601 2360 rerum
623 2293 741 2383 aliquia
758 2291 898 2381 aliquem
916 2291 1131 2382 adjudicium
1154 2290 1294 2358 voluerit

40 2417 197 2476 evocare,
210 2399 397 2464 statuimur:
419 2397 516 2480 Quod
539 2399 625 2465 inira
646 2421 765 2465 annum
788 2399 1008 2465 tantummodo
1030 2397 1229 2485 inculpatum
1252 2397 1293 2463 de

41 2501 135 2566 furto
166 2499 326 2568 evocandi
359 2499 477 2569 lrabeat
504 2501 699 2569 facultatem.
744 2502 781 2570 Si
802 2524 880 2569 vero
902 2524 987 2569 anno
1011 2499 1122 2588 elapso
1154 2500 1294 2567 voluerit

42 2627 186 2670 movere
207 2608 439 2694 quaestionem,
462 2606 550 2697 quod
571 2618 649 2674 tuno
670 2613 794 2691 arserit,
828 2605 1061 2673 rationabiliter
1080 2629 1139 2693 per
1159 2602 1293 2670 idoneor

40 2717 149 2774 tester
180 2716 327 2776 teneatur
357 2711 578 2800 comprobare,
614 2711 786 2779 ostendens
816 2734 850 2778 ae
881 2711 913 2778 in
945 2711 1030 2778 iacto
1059 2710 1129 2777 lore
1159 2717 1192 2776 et
1221 2731 1293 2776 eoae

38 2813 183 2900 justum.

148 2953 199 3020 Da
222 2953 290 3020 illia
313 2956 369 3042 qui
384 2978 513 3043 pannea
535 2969 592 3024 aut
614 2981 726 3026 meroen
748 2961 792 3024 orl
811 2969 973 3046 praeatum
995 2955 1199 3022 commodant.

136 3084 191 3148 32.
224 3083 340 3152 Finem
368 3084 478 3152 litibus
499 3087 666 3177 imponere
699 3091 876 3178 cupienter,
910 3088 1099 3156 statuimus:
1134 3086 1231 3171 Quod
1262 3088 1291 3152 ai

39 3189 120 3276 quie
153 3187 237 3254 oirie
252 3198 323 3262 utut
351 3189 493 3258 creditor
522 3215 645 3280 pannos
675 3203 732 3261 aut
753 3194 833 3260 aliae
864 3216 916 3260 rea
949 3193 1019 3258 aive
1041 3215 1166 3260 meroes
1194 3190 1291 3260 alicui

42 3293 235 3377 terrigenae
264 3291 307 3360 ad
339 3303 502 3382 praeotam
525 3296 659 3382 dederit,
693 3309 748 3366 aut
781 3309 893 3366 mutuo
923 3297 1127 3380 oouoeaaerit,
1165 3305 1293 3384 praeter
1391 3293 1396 3304 ’

43 3397 182 3464 literam
203 3396 421 3485 obligationis,
443 3401 477 3467 in
499 3425 564 3490 qua
585 3413 748 3470 oouataret
769 3402 810 3470 da
832 3403 954 3487 debito,
988 3405 1069 3472 oivie
1091 3425 1169 3470 vero
1191 3425 1292 3489 agene

39 3499 199 3588 probabit
221 3525 279 3588 per
307 3511 417 3588 testea,
446 3503 544 3572 talem
573 3517 771 3574 oontraotum
795 3529 904 3574 seeum
938 3509 1062 3590 initum,
1091 3519 1123 3575 et
1150 3506 1291 3595 probans

34 3603 244 3692 judicialiter
267 3606 434 3674 obtinebit.
479 3607 570 3676 Alias
592 3633 677 3694 reue,
708 3635 830 3699 negano
853 3611 1009 3696 debitum,
1041 3634 1099 3700 per
1122 3611 1288 3700 proprium

32 3711 262 3796 juramentum
283 3713 473 3799 praestitum
495 3713 537 3780 ab
559 3716 681 3804 impetu
702 3717 828 3804 agentia
850 3714 1038 3784 absolvitur.

241 3885 289 3950 De
311 3883 369 3950 illo
392 3883 448 3970 qui
469 3882 582 3948 nouerit
603 3907 635 3948 ae
658 3883 791 3951 nobilem
811 3895 840 3950 et
861 3893 995 3971 erogatio·
1013 3883 1096 3972 fore.

133 4014 187 4080 33.
221 4011 407 4080 Nobilitatir
430 4013 546 4101 stirpen
570 4037 612 4080 ex
634 4012 896 4102 progenitoribus
919 4037 1030 4081 eorum
1052 4014 1174 4080 ducunt
1195 4014 1289 4098 origi-

39 4143 121 4186 nem
146 4141 285 4208 nemper‚
309 4137 444 4207 quorum
467 4120 534 4184 nati
551 4139 758 4206 progressum
781 4118 831 4208 tle⁸
845 4118 1018 4206 genolog‘a
1042 4139 1152 4185 rorum
1175 4139 1289 4206 appro-

39 4225 125 4292 bare
149 4221 238 4288 fideli
272 4222 458 4289 testimonio
487 4233 736 4289 consueverunt.
782 4222 912 4311 Siquis
935 4224 1043 4310 ltaque
1071 4221 1214 4289 dicatae
1236 4244 1291 4288 no·

38 4327 156 4410 bilem,
189 4335 243 4392 aut
272 4325 441 4410 illustrem,
473 4335 506 4393 et
528 4328 645 4393 oeterie
667 4325 831 4394 nobilibus
861 4326 924 4395 hoo
947 4328 1139 4414 negantibus
1170 4336 1293 4394 aurant

40 4457 78 4499 ee
103 4453 233 4519 parem:
256 4431 298 4497 ad
321 4431 523 4520 probandum
554 4453 632 4498 auae
663 4431 853 4520 genologiae
880 4431 1090 4518 nobilitatem,
1125 4429 1223 4498 debet
1245 4431 1290 4497 in·

40 4537 167 4603 ducere
198 4556 256 4601 aex
278 4534 442 4602 nobilibus
465 4545 497 4602 et
519 4536 629 4623 probis
652 4535 742 4620 virio,
773 4537 955 4604 senioribus
977 4559 1055 4605 vero
1079 4537 1215 4620 duobus,
1251 4537 1292 4602 de

41 4663 105 4707 rua
128 4639 228 4728 ampo
251 4661 286 4706 ee
310 4640 504 4727 geniturum.
526 4639 571 4708 Et
591 4639 626 4708 bi
648 4640 713 4709 duo
727 4641 829 4730 jurati
851 4641 970 4726 dieunt,
993 4639 1080 4732 quod
1097 4643 1167 4730 ipae
1191 4641 1292 4712 irater
1396 4667 1398 4673 ⁸

1079 4735 1125 4808 69
