3070 5118
762 1215 963 1300 XXXI

403 1379 623 1482 Zlomek
658 1414 687 1482 z
721 1377 1002 1510 ,Majestos
1038 1373 1317 1477 Carolina“

673 1531 1046 1640 lete-1348.

294 1773 361 1840 CII.
385 1777 434 1840 Do
456 1774 709 1840 accusationibus
731 1772 877 1838 civilibus
897 1794 991 1858 super
1011 1771 1123 1856 spolio,
1144 1771 1265 1856 rapina
1287 1780 1318 1834 ct
1332 1769 1442 1857 furto.

336 1911 482 1977 Civiliter
503 1935 599 1998 egere
621 1912 813 1994 volentibus,
829 1911 883 1998 qui
901 1909 982 1975 forte
999 1911 1167 1974 criminum
1182 1931 1303 1996 poenas
1325 1907 1481 1974 humanos

250 2017 366 2082 intuitu
399 2019 527 2104 pietatis
559 2017 742 2096 abhorrent,
771 2017 821 2100 jus
856 2037 949 2081 suum
980 2023 1210 2100 prosequentes
1243 2013 1352 2100 potius
1388 2035 1479 2100 qnam

250 2119 434 2204 vindictam,
469 2120 509 2186 de
541 2119 718 2208 approbata
755 2117 982 2184 consuetudine
1022 2117 1100 2183 dicti
1134 2119 1227 2204 regni
1260 2125 1337 2182 sunt
1370 2125 1480 2204 paratu

251 2222 403 2307 remedia,
427 2247 508 2312 quae
532 2225 680 2291 omnibus
696 2223 845 2290 fidelibus
869 2222 995 2303 nostris,
1018 2223 1101 2288 siout
1119 2221 1212 2286 decet
1227 2229 1371 2286 nostram
1390 2221 1469 2308 justi

250 2329 327 2392 tiam
344 2350 424 2410 esse,
439 2314 619 2394 communia
638 2326 838 2392 intendentes
854 2336 887 2390 et
900 2325 1020 2390 nemini
1038 2326 1163 2390 variare
1180 2322 1288 2408 licere,
1302 2326 1477 2390 sancimus:

251 2435 280 2514 ξ.
305 2433 331 2496 1.
355 2430 619 2519 Quandocunque
641 2431 755 2519 aliquis
775 2429 928 2518 spoliatus
947 2429 1180 2517 querimoniam
1198 2428 1336 2510 civilem,
1354 2425 1476 2493 illatum

250 2534 312 2600 sibi
345 2534 497 2601 damnum
528 2558 586 2622 per
625 2535 764 2622 spolium
800 2533 854 2600 vel
886 2533 1118 2599 restitutionem
1153 2555 1261 2597 rerum
1292 2531 1476 2598 ablatarum

249 2637 396 2725 petendo,
431 2637 537 2704 facere
578 2638 785 2727 disposuerit:
825 2637 888 2703 hoe
920 2637 1005 2702 infra
1040 2637 1234 2723 septimanas
1268 2636 1362 2720 duas,
1398 2637 1479 2702 diem

249 2743 411 2808 commissi
444 2741 537 2830 spolii
578 2741 762 2808 immediate
803 2751 983 2828 sequentes,
1018 2739 1231 2806 beneficiariis
1261 2739 1381 2829 judieii
1415 2742 1479 2804 sive

250 2845 381 2928 enudas,
404 2845 446 2912 od
476 2868 568 2932 quem
599 2847 747 2932 pertinet,
780 2846 946 2912 notificare
981 2855 1138 2932 procuret,
1160 2865 1268 2909 eoram
1299 2847 1347 2910 eis
1380 2854 1479 2931 prote-

251 2948 365 3015 stando
389 2949 548 3031 decenter,
566 2951 651 3036 quod
675 2971 733 3037 pro
755 2949 939 3036 praemissis
960 2948 1097 3013 intendit
1119 2949 1211 3014 citari
1232 2949 1341 3014 facere
1364 2947 1476 3034 spolia

255 3063 366 3136 torem,
401 3062 433 3119 et
471 3075 567 3140 super
608 3055 654 3120 eis
688 3055 871 3140 jussuum
911 3053 1060 3140 prosequi
1102 3060 1245 3138 tempore
1289 3061 1478 3140 opportuno.

251 3161 281 3240 ἕ.
315 3159 343 3224 2.
388 3156 561 3245 Spoliatus,
582 3157 798 3222 notificatione
822 3170 851 3220 et
874 3158 1103 3242 protestatione
1128 3156 1223 3221 factis
1252 3175 1362 3220 eoram
1387 3155 1479 3220 bens-

250 3260 380 3326 fieiariis
414 3260 544 3347 enudas,
567 3259 664 3326 debet
684 3285 705 3325 a
728 3260 933 3326 distributore
967 3261 1126 3326 minorum
1153 3259 1405 3325 camerariorum
1428 3281 1479 3324 scu

251 3363 449 3430 bedellorum
474 3387 570 3432 unum
595 3365 754 3431 budellum
776 3373 885 3452 petere
909 3374 941 3430 et
961 3367 1106 3451 recipere
1128 3363 1170 3429 ad
1192 3362 1377 3440 citandum
1422 3383 1478 3449 quo

251 3467 346 3533 simul
379 3468 440 3534 sibi
471 3471 649 3552 assistente,
674 3493 747 3534 eum
769 3491 863 3556 quem
887 3471 985 3533 citare
1009 3468 1161 3551 decrevit,
1184 3490 1257 3533 oum
1279 3468 1478 3554 querimonis

250 3574 375 3660 integre
397 3572 450 3639 vel
471 3575 562 3658 signo
584 3574 685 3661 ipsius
709 3575 935 3660 querimoniae,
961 3583 992 3637 ot
1015 3572 1149 3637 termino
1173 3584 1308 3659 quatuor
1331 3573 1477 3659 septima·

251 3700 363 3744 narum
379 3676 432 3742 vel
449 3699 507 3742 sex
523 3677 563 3742 ad
580 3678 662 3765 plus,
677 3677 717 3742 ad
738 3687 843 3742 terrae
865 3676 992 3744 tabulas
1014 3677 1136 3764 imponi
1157 3677 1255 3742 faciat
1277 3686 1309 3741 et
1331 3675 1477 3756 describi,

251 3781 368 3847 deinde
394 3781 613 3848 adversarium
644 3805 744 3867 suum,
768 3790 804 3847 ut
833 3783 931 3847 moris
969 3791 1026 3858 est,
1060 3782 1161 3847 citari.
1206 3785 1237 3863 ξ.
1268 3781 1299 3844 3.
1338 3779 1482 3866 Quisque

250 3884 388 3952 bidellus
405 3887 503 3974 juxta
525 3887 721 3972 provinciam
745 3885 807 3952 sibi
828 3884 990 3952 decretam
1009 3887 1175 3950 citationes
1192 3883 1279 3950 solus
1303 3905 1362 3970 per
1384 3893 1480 3950 semet

250 3988 361 4073 faciat3
403 3991 430 4056 si
459 4011 536 4055 vero
567 3990 715 4056 citandus
748 3991 934 4077 provinciae
956 3991 1052 4054 fuerit
1073 3989 1214 4072 alterius,
1238 3998 1316 4052 tune
1339 3987 1480 4054 adhibito

251 4092 314 4158 sibi
347 4092 464 4159 bidello
498 4094 559 4159 loci
592 4094 678 4159 illius
710 4093 1032 4181 dictaeprovinciae,
1055 4094 1175 4181 inquo
1198 4091 1346 4158 citandus
1369 4093 1480 4158 dicitur

249 4195 404 4280 habitare,
428 4198 522 4264 ambo
546 4197 640 4265 simul
663 4199 845 4264 citationem
878 4198 998 4264 faciunt
1020 4196 1061 4262 ad
1084 4197 1168 4262 diem
1191 4208 1223 4262 et
1246 4198 1358 4261 horam
1381 4197 1474 4279 assig-

255 4310 364 4366 natam
399 4302 450 4367 vel
488 4301 582 4368 aliter
623 4312 817 4369 consuetam.
864 4313 891 4379 s.
925 4302 956 4370 4.
996 4300 1115 4367 Bidelli
1156 4301 1275 4366 faciant
1316 4301 1477 4367 citationes

251 4405 451 4491 personales:
469 4408 496 4471 si
520 4407 663 4472 citandos
698 4408 886 4493 reperierint
914 4409 948 4472 in
981 4428 1129 4492 persona,
1152 4404 1237 4492 quod
1271 4404 1421 4470 citandus
1452 4406 1477 4466 in

251 4511 388 4574 termino
421 4511 582 4596 assignato
615 4510 730 4576 debeat
762 4533 870 4576 eoram
903 4509 1119 4577 beneficiariis
1142 4491 1329 4597 comparere
1354 4510 1413 4574 tati
1433 4507 1477 4574 dic
