<?xml version="1.0" encoding="UTF-8"?>
<!DOCTYPE html PUBLIC "-//W3C//DTD XHTML 1.0 Transitional//EN"
    "http://www.w3.org/TR/xhtml1/DTD/xhtml1-transitional.dtd">
<html xmlns="http://www.w3.org/1999/xhtml" xml:lang="en" lang="en">
 <head>
  <title>
</title>
<meta http-equiv="Content-Type" content="text/html;charset=utf-8" />
  <meta name='ocr-system' content='tesseract 3.04.00' />
  <meta name='ocr-capabilities' content='ocr_page ocr_carea ocr_par ocr_line ocrx_word'/>
</head>
<body>
  <div class='ocr_page' id='page_1' title='image "./svodzkonuvslova00jiregoog/svodzkonuvslova00jiregoog_0582.png"; bbox 0 0 3082 5128; ppageno 0'>
   <div class='ocr_carea' id='block_1_1' title="bbox 414 474 1273 548">
    <p class='ocr_par' dir='ltr' id='par_1_1' title="bbox 414 474 1273 548">
     <span class='ocr_line' id='line_1_1' title="bbox 414 474 1273 548; baseline 0.009 -8"><span class='ocrx_word' id='word_1_1' title='bbox 414 489 538 542; x_wconf 81' lang='lat' dir='ltr'>XXXIII.</span> <span class='ocrx_word' id='word_1_2' title='bbox 558 487 664 539; x_wconf 81' lang='lat' dir='ltr'>Stetnts</span> <span class='ocrx_word' id='word_1_3' title='bbox 681 487 849 540; x_wconf 75' lang='lat' dir='ltr'>Wisliesnsia</span> <span class='ocrx_word' id='word_1_4' title='bbox 866 487 887 538; x_wconf 89' lang='lat' dir='ltr'>l.</span> <span class='ocrx_word' id='word_1_5' title='bbox 1197 474 1273 548; x_wconf 80' lang='grc'>535</span> 
     </span>
    </p>
   </div>
   <div class='ocr_carea' id='block_1_2' title="bbox 34 673 1281 871">
    <p class='ocr_par' dir='ltr' id='par_1_2' title="bbox 34 673 1281 871">
     <span class='ocr_line' id='line_1_2' title="bbox 35 673 1281 768; baseline 0.001 -24"><span class='ocrx_word' id='word_1_6' title='bbox 35 689 127 762; x_wconf 88' lang='lat' dir='ltr'>tunt,</span> <span class='ocrx_word' id='word_1_7' title='bbox 165 679 208 746; x_wconf 85' lang='lat' dir='ltr'>ad</span> <span class='ocrx_word' id='word_1_8' title='bbox 238 681 326 768; x_wconf 88' lang='lat' dir='ltr'>ipsos</span> <span class='ocrx_word' id='word_1_9' title='bbox 364 687 396 744; x_wconf 89' lang='lat' dir='ltr'>et</span> <span class='ocrx_word' id='word_1_10' title='bbox 431 673 473 743; x_wconf 88' lang='lat' dir='ltr'>ad</span> <span class='ocrx_word' id='word_1_11' title='bbox 505 679 593 744; x_wconf 87' lang='lat' dir='ltr'>vices</span> <span class='ocrx_word' id='word_1_12' title='bbox 633 699 744 744; x_wconf 89' lang='lat' dir='ltr'>eorum</span> <span class='ocrx_word' id='word_1_13' title='bbox 785 687 934 764; x_wconf 79' lang='lat' dir='ltr'>gerentes</span> <span class='ocrx_word' id='word_1_14' title='bbox 973 677 1178 744; x_wconf 79' lang='lat' dir='ltr'>extendimus</span> <span class='ocrx_word' id='word_1_15' title='bbox 1211 680 1281 746; x_wconf 83' lang='lat' dir='ltr'>rive</span> 
     </span>
     <span class='ocr_line' id='line_1_3' title="bbox 34 807 261 871; baseline 0.004 -22"><span class='ocrx_word' id='word_1_16' title='bbox 34 807 261 871; x_wconf 83' lang='lat' dir='ltr'>prorogamus.</span> 
     </span>
    </p>
   </div>
   <div class='ocr_carea' id='block_1_3' title="bbox 246 966 1055 1056">
    <p class='ocr_par' dir='ltr' id='par_1_3' title="bbox 246 966 1055 1056">
     <span class='ocr_line' id='line_1_4' title="bbox 246 966 1055 1056; baseline -0.002 -23"><span class='ocrx_word' id='word_1_17' title='bbox 246 967 354 1033; x_wconf 81' lang='lat' dir='ltr'>Filius</span> <span class='ocrx_word' id='word_1_18' title='bbox 379 978 476 1056; x_wconf 80' lang='lat' dir='ltr'>patre</span> <span class='ocrx_word' id='word_1_19' title='bbox 506 970 624 1032; x_wconf 82' lang='lat' dir='ltr'>vivente</span> <span class='ocrx_word' id='word_1_20' title='bbox 653 966 760 1054; x_wconf 77' lang='lat' dir='ltr'>sipillo</span> <span class='ocrx_word' id='word_1_21' title='bbox 777 977 913 1053; x_wconf 72' lang='lat' dir='ltr'>poterim</span> <span class='ocrx_word' id='word_1_22' title='bbox 935 976 1055 1032; x_wconf 81' lang='lat' dir='ltr'>utatur.</span> 
     </span>
    </p>
   </div>
   <div class='ocr_carea' id='block_1_4' title="bbox 37 1123 1284 1422">
    <p class='ocr_par' dir='ltr' id='par_1_4' title="bbox 37 1123 1284 1422">
     <span class='ocr_line' id='line_1_5' title="bbox 126 1123 1282 1213; baseline -0.002 -21"><span class='ocrx_word' id='word_1_23' title='bbox 126 1128 160 1192; x_wconf 84' lang='lat'>6.</span> <span class='ocrx_word' id='word_1_24' title='bbox 200 1123 287 1206; x_wconf 80' lang='lat' dir='ltr'>Quia</span> <span class='ocrx_word' id='word_1_25' title='bbox 309 1125 368 1190; x_wconf 88' lang='lat' dir='ltr'>filii</span> <span class='ocrx_word' id='word_1_26' title='bbox 384 1124 615 1213; x_wconf 75' lang='lat' dir='ltr'>campestribus</span> <span class='ocrx_word' id='word_1_27' title='bbox 637 1146 703 1190; x_wconf 84' lang='lat' dir='ltr'>una</span> <span class='ocrx_word' id='word_1_28' title='bbox 717 1123 1081 1212; x_wconf 87' lang='lat' dir='ltr'>personajurisfietione</span> <span class='ocrx_word' id='word_1_29' title='bbox 1101 1134 1282 1208; x_wconf 81' lang='lat' dir='ltr'>censentur,</span> 
     </span>
     <span class='ocr_line' id='line_1_6' title="bbox 37 1227 1284 1318; baseline 0 -24"><span class='ocrx_word' id='word_1_30' title='bbox 37 1231 180 1318; x_wconf 85' lang='lat' dir='ltr'>ideoque</span> <span class='ocrx_word' id='word_1_31' title='bbox 200 1231 388 1296; x_wconf 84' lang='lat' dir='ltr'>statuimus:</span> <span class='ocrx_word' id='word_1_32' title='bbox 422 1229 518 1311; x_wconf 81' lang='lat' dir='ltr'>Quod</span> <span class='ocrx_word' id='word_1_33' title='bbox 540 1227 725 1296; x_wconf 84' lang='lat' dir='ltr'>virentibus</span> <span class='ocrx_word' id='word_1_34' title='bbox 747 1227 893 1315; x_wconf 83' lang='lat' dir='ltr'>patribus</span> <span class='ocrx_word' id='word_1_35' title='bbox 915 1227 974 1294; x_wconf 90' lang='lat' dir='ltr'>filii</span> <span class='ocrx_word' id='word_1_36' title='bbox 986 1227 1154 1296; x_wconf 85' lang='lat' dir='ltr'>dumtaxat</span> <span class='ocrx_word' id='word_1_37' title='bbox 1176 1227 1284 1314; x_wconf 83' lang='lat' dir='ltr'>sigillo</span> 
     </span>
     <span class='ocr_line' id='line_1_7' title="bbox 39 1331 1123 1422; baseline -0.001 -21"><span class='ocrx_word' id='word_1_38' title='bbox 39 1346 178 1422; x_wconf 85' lang='lat' dir='ltr'>paterno</span> <span class='ocrx_word' id='word_1_39' title='bbox 201 1343 344 1417; x_wconf 86' lang='lat' dir='ltr'>utantur,</span> <span class='ocrx_word' id='word_1_40' title='bbox 359 1333 510 1400; x_wconf 77' lang='lat' dir='ltr'>‚stolium</span> <span class='ocrx_word' id='word_1_41' title='bbox 532 1341 662 1420; x_wconf 77' lang='lat' dir='ltr'>portare</span> <span class='ocrx_word' id='word_1_42' title='bbox 684 1354 745 1397; x_wconf 90' lang='lat' dir='ltr'>nec</span> <span class='ocrx_word' id='word_1_43' title='bbox 768 1331 886 1398; x_wconf 88' lang='lat' dir='ltr'>habere</span> <span class='ocrx_word' id='word_1_44' title='bbox 908 1342 1123 1420; x_wconf 86' lang='lat' dir='ltr'>praesument.</span> 
     </span>
    </p>
   </div>
   <div class='ocr_carea' id='block_1_5' title="bbox 37 1516 1284 1710">
    <p class='ocr_par' dir='ltr' id='par_1_5' title="bbox 37 1516 1284 1710">
     <span class='ocr_line' id='line_1_8' title="bbox 37 1516 1284 1604; baseline -0.002 -21"><span class='ocrx_word' id='word_1_45' title='bbox 37 1520 83 1584; x_wconf 83' lang='lat' dir='ltr'>De</span> <span class='ocrx_word' id='word_1_46' title='bbox 105 1519 251 1584; x_wconf 79' lang='lat' dir='ltr'>scsdtett&#39;s</span> <span class='ocrx_word' id='word_1_47' title='bbox 273 1529 338 1583; x_wconf 88' lang='lat' dir='ltr'>tom</span> <span class='ocrx_word' id='word_1_48' title='bbox 359 1517 571 1584; x_wconf 74' lang='lat' dir='ltr'>torcolarium</span> <span class='ocrx_word' id='word_1_49' title='bbox 590 1539 685 1604; x_wconf 67' lang='lat' dir='ltr'>mrem</span> <span class='ocrx_word' id='word_1_50' title='bbox 713 1517 931 1604; x_wconf 70' lang='lat' dir='ltr'>spiritualium</span> <span class='ocrx_word' id='word_1_51' title='bbox 955 1538 1173 1603; x_wconf 77' lang='lat' dir='ltr'>personarum,</span> <span class='ocrx_word' id='word_1_52' title='bbox 1202 1516 1284 1603; x_wconf 81' lang='lat' dir='ltr'>quod</span> 
     </span>
     <span class='ocr_line' id='line_1_9' title="bbox 389 1621 930 1710; baseline -0.004 -22"><span class='ocrx_word' id='word_1_53' title='bbox 389 1633 531 1688; x_wconf 66' lang='lat' dir='ltr'>tenemus</span> <span class='ocrx_word' id='word_1_54' title='bbox 553 1625 597 1687; x_wconf 82' lang='lat' dir='ltr'>od</span> <span class='ocrx_word' id='word_1_55' title='bbox 619 1621 848 1710; x_wconf 79' lang='lat' dir='ltr'>empeditt&#39;ouem</span> <span class='ocrx_word' id='word_1_56' title='bbox 874 1623 930 1686; x_wconf 80' lang='lat' dir='ltr'>ire.</span> 
     </span>
    </p>
   </div>
   <div class='ocr_carea' id='block_1_6' title="bbox 39 1776 1308 2181">
    <p class='ocr_par' dir='ltr' id='par_1_6' title="bbox 39 1776 1308 2181">
     <span class='ocr_line' id='line_1_10' title="bbox 129 1776 1282 1867; baseline -0.002 -21"><span class='ocrx_word' id='word_1_57' title='bbox 129 1781 161 1846; x_wconf 79' lang='lat'>7.</span> <span class='ocrx_word' id='word_1_58' title='bbox 187 1779 274 1861; x_wconf 78' lang='lat' dir='ltr'>Quia</span> <span class='ocrx_word' id='word_1_59' title='bbox 306 1801 396 1864; x_wconf 87' lang='lat' dir='ltr'>onus,</span> <span class='ocrx_word' id='word_1_60' title='bbox 430 1781 620 1867; x_wconf 88' lang='lat' dir='ltr'>praesertim</span> <span class='ocrx_word' id='word_1_61' title='bbox 654 1779 741 1866; x_wconf 92' lang='lat' dir='ltr'>quod</span> <span class='ocrx_word' id='word_1_62' title='bbox 773 1801 884 1847; x_wconf 89' lang='lat' dir='ltr'>omnes</span> <span class='ocrx_word' id='word_1_63' title='bbox 914 1779 1026 1865; x_wconf 81' lang='lat' dir='ltr'>tangit,</span> <span class='ocrx_word' id='word_1_64' title='bbox 1057 1779 1140 1844; x_wconf 90' lang='lat' dir='ltr'>inter</span> <span class='ocrx_word' id='word_1_65' title='bbox 1172 1776 1282 1866; x_wconf 88' lang='lat' dir='ltr'>plures</span> 
     </span>
     <span class='ocr_line' id='line_1_11' title="bbox 41 1881 1284 1974; baseline -0.001 -25"><span class='ocrx_word' id='word_1_66' title='bbox 41 1884 187 1949; x_wconf 85' lang='lat' dir='ltr'>divisum</span> <span class='ocrx_word' id='word_1_67' title='bbox 209 1883 337 1948; x_wconf 82' lang='lat' dir='ltr'>facilius</span> <span class='ocrx_word' id='word_1_68' title='bbox 361 1884 556 1970; x_wconf 83' lang='lat' dir='ltr'>deportatur,</span> <span class='ocrx_word' id='word_1_69' title='bbox 591 1891 786 1974; x_wconf 86' lang='lat' dir='ltr'>quapropter</span> <span class='ocrx_word' id='word_1_70' title='bbox 815 1883 1003 1949; x_wconf 74' lang='lat' dir='ltr'>statuimus:</span> <span class='ocrx_word' id='word_1_71' title='bbox 1039 1881 1135 1964; x_wconf 82' lang='lat' dir='ltr'>Quod</span> <span class='ocrx_word' id='word_1_72' title='bbox 1171 1905 1284 1968; x_wconf 85' lang='lat' dir='ltr'>omnes</span> 
     </span>
     <span class='ocr_line' id='line_1_12' title="bbox 39 1985 1308 2076; baseline -0.002 -23"><span class='ocrx_word' id='word_1_73' title='bbox 39 1989 182 2071; x_wconf 87' lang='lat' dir='ltr'>sculteti,</span> <span class='ocrx_word' id='word_1_74' title='bbox 207 1999 272 2054; x_wconf 84' lang='lat' dir='ltr'>tam</span> <span class='ocrx_word' id='word_1_75' title='bbox 304 1986 507 2070; x_wconf 82' lang='lat' dir='ltr'>secularium,</span> <span class='ocrx_word' id='word_1_76' title='bbox 531 2009 628 2076; x_wconf 87' lang='lat' dir='ltr'>quam</span> <span class='ocrx_word' id='word_1_77' title='bbox 644 1985 867 2074; x_wconf 78' lang='lat' dir='ltr'>spiritualium,</span> <span class='ocrx_word' id='word_1_78' title='bbox 886 1987 984 2073; x_wconf 85' lang='lat' dir='ltr'>juxta</span> <span class='ocrx_word' id='word_1_79' title='bbox 1015 1986 1159 2073; x_wconf 83' lang='lat' dir='ltr'>ipsorum</span> <span class='ocrx_word' id='word_1_80' title='bbox 1186 1985 1308 2066; x_wconf 63' lang='lat' dir='ltr'>facul,</span> 
     </span>
     <span class='ocr_line' id='line_1_13' title="bbox 39 2089 1189 2181; baseline -0.003 -23"><span class='ocrx_word' id='word_1_81' title='bbox 39 2102 155 2178; x_wconf 86' lang='lat' dir='ltr'>tatem,</span> <span class='ocrx_word' id='word_1_82' title='bbox 178 2093 221 2158; x_wconf 84' lang='lat' dir='ltr'>ad</span> <span class='ocrx_word' id='word_1_83' title='bbox 255 2091 432 2181; x_wconf 88' lang='lat' dir='ltr'>quamlibet</span> <span class='ocrx_word' id='word_1_84' title='bbox 460 2093 698 2180; x_wconf 86' lang='lat' dir='ltr'>expeditionem</span> <span class='ocrx_word' id='word_1_85' title='bbox 726 2089 894 2157; x_wconf 87' lang='lat' dir='ltr'>nobiscum</span> <span class='ocrx_word' id='word_1_86' title='bbox 916 2091 963 2155; x_wconf 92' lang='lat' dir='ltr'>ire</span> <span class='ocrx_word' id='word_1_87' title='bbox 985 2090 1189 2156; x_wconf 86' lang='lat' dir='ltr'>tenebuntur.</span> 
     </span>
    </p>
   </div>
   <div class='ocr_carea' id='block_1_7' title="bbox 39 2274 1288 2468">
    <p class='ocr_par' dir='ltr' id='par_1_7' title="bbox 39 2274 1288 2468">
     <span class='ocr_line' id='line_1_14' title="bbox 39 2274 1288 2362; baseline 0 -22"><span class='ocrx_word' id='word_1_88' title='bbox 39 2278 88 2340; x_wconf 88' lang='lat' dir='ltr'>De</span> <span class='ocrx_word' id='word_1_89' title='bbox 112 2276 229 2342; x_wconf 68' lang='lat' dir='ltr'>cimice</span> <span class='ocrx_word' id='word_1_90' title='bbox 252 2276 316 2340; x_wconf 83' lang='lat' dir='ltr'>sive</span> <span class='ocrx_word' id='word_1_91' title='bbox 338 2275 509 2355; x_wconf 83' lang='lat' dir='ltr'>sacerdote,</span> <span class='ocrx_word' id='word_1_92' title='bbox 550 2277 607 2361; x_wconf 76' lang='lat' dir='ltr'>qui</span> <span class='ocrx_word' id='word_1_93' title='bbox 629 2275 773 2362; x_wconf 76' lang='lat' dir='ltr'>possidet</span> <span class='ocrx_word' id='word_1_94' title='bbox 803 2274 884 2340; x_wconf 85' lang='lat' dir='ltr'>bono</span> <span class='ocrx_word' id='word_1_95' title='bbox 908 2285 1049 2362; x_wconf 73' lang='lat' dir='ltr'>paterae</span> <span class='ocrx_word' id='word_1_96' title='bbox 1076 2275 1288 2355; x_wconf 73' lang='lat' dir='ltr'>hereditaria,</span> 
     </span>
     <span class='ocr_line' id='line_1_15' title="bbox 521 2380 813 2468; baseline -0.007 -22"><span class='ocrx_word' id='word_1_97' title='bbox 521 2405 583 2468; x_wconf 81' lang='lat' dir='ltr'>pro</span> <span class='ocrx_word' id='word_1_98' title='bbox 604 2380 813 2468; x_wconf 77' lang='lat' dir='ltr'>enpeditiooe.</span> 
     </span>
    </p>
   </div>
   <div class='ocr_carea' id='block_1_8' title="bbox 40 2536 1289 3672">
    <p class='ocr_par' dir='ltr' id='par_1_8' title="bbox 40 2536 1289 3672">
     <span class='ocr_line' id='line_1_16' title="bbox 131 2536 1286 2626; baseline -0.002 -22"><span class='ocrx_word' id='word_1_99' title='bbox 131 2539 163 2604; x_wconf 62' lang='lat'>8,</span> <span class='ocrx_word' id='word_1_100' title='bbox 199 2537 306 2618; x_wconf 77' lang='lat' dir='ltr'>Quum</span> <span class='ocrx_word' id='word_1_101' title='bbox 325 2539 400 2625; x_wconf 86' lang='lat' dir='ltr'>jure</span> <span class='ocrx_word' id='word_1_102' title='bbox 423 2561 481 2604; x_wconf 85' lang='lat' dir='ltr'>suo</span> <span class='ocrx_word' id='word_1_103' title='bbox 505 2537 612 2604; x_wconf 84' lang='lat' dir='ltr'>nullus</span> <span class='ocrx_word' id='word_1_104' title='bbox 635 2537 750 2603; x_wconf 90' lang='lat' dir='ltr'>debeat</span> <span class='ocrx_word' id='word_1_105' title='bbox 770 2537 964 2622; x_wconf 85' lang='lat' dir='ltr'>defraudari,</span> <span class='ocrx_word' id='word_1_106' title='bbox 989 2548 1020 2603; x_wconf 91' lang='lat' dir='ltr'>et</span> <span class='ocrx_word' id='word_1_107' title='bbox 1042 2538 1119 2626; x_wconf 87' lang='lat' dir='ltr'>quia</span> <span class='ocrx_word' id='word_1_108' title='bbox 1140 2536 1286 2626; x_wconf 86' lang='lat' dir='ltr'>plerique</span> 
     </span>
     <span class='ocr_line' id='line_1_17' title="bbox 40 2640 1287 2730; baseline 0.001 -24"><span class='ocrx_word' id='word_1_109' title='bbox 40 2641 154 2708; x_wconf 89' lang='lat' dir='ltr'>clerici</span> <span class='ocrx_word' id='word_1_110' title='bbox 172 2645 276 2708; x_wconf 84' lang='lat' dir='ltr'>nostri</span> <span class='ocrx_word' id='word_1_111' title='bbox 287 2643 378 2730; x_wconf 83' lang='lat' dir='ltr'>regni</span> <span class='ocrx_word' id='word_1_112' title='bbox 402 2641 487 2708; x_wconf 89' lang='lat' dir='ltr'>bona</span> <span class='ocrx_word' id='word_1_113' title='bbox 502 2641 681 2730; x_wconf 83' lang='lat' dir='ltr'>paternalis</span> <span class='ocrx_word' id='word_1_114' title='bbox 692 2649 836 2708; x_wconf 87' lang='lat' dir='ltr'>tenentes</span> <span class='ocrx_word' id='word_1_115' title='bbox 860 2651 893 2707; x_wconf 89' lang='lat' dir='ltr'>et</span> <span class='ocrx_word' id='word_1_116' title='bbox 914 2640 1080 2726; x_wconf 85' lang='lat' dir='ltr'>habentes,</span> <span class='ocrx_word' id='word_1_117' title='bbox 1102 2642 1143 2709; x_wconf 95' lang='lat' dir='ltr'>de</span> <span class='ocrx_word' id='word_1_118' title='bbox 1165 2641 1287 2707; x_wconf 89' lang='lat' dir='ltr'>eisdem</span> 
     </span>
     <span class='ocr_line' id='line_1_18' title="bbox 40 2745 1289 2832; baseline 0.001 -21"><span class='ocrx_word' id='word_1_119' title='bbox 40 2745 149 2829; x_wconf 88' lang='lat' dir='ltr'>benis,</span> <span class='ocrx_word' id='word_1_120' title='bbox 170 2745 232 2812; x_wconf 87' lang='lat' dir='ltr'>sub</span> <span class='ocrx_word' id='word_1_121' title='bbox 248 2746 365 2812; x_wconf 86' lang='lat' dir='ltr'>umbra</span> <span class='ocrx_word' id='word_1_122' title='bbox 388 2745 529 2812; x_wconf 87' lang='lat' dir='ltr'>clericali</span> <span class='ocrx_word' id='word_1_123' title='bbox 551 2749 708 2830; x_wconf 83' lang='lat' dir='ltr'>viventes,</span> <span class='ocrx_word' id='word_1_124' title='bbox 732 2745 825 2813; x_wconf 88' lang='lat' dir='ltr'>nobis</span> <span class='ocrx_word' id='word_1_125' title='bbox 848 2756 881 2812; x_wconf 84' lang='lat' dir='ltr'>et</span> <span class='ocrx_word' id='word_1_126' title='bbox 902 2756 1011 2812; x_wconf 85' lang='lat' dir='ltr'>nostro</span> <span class='ocrx_word' id='word_1_127' title='bbox 1034 2768 1134 2832; x_wconf 88' lang='lat' dir='ltr'>regno</span> <span class='ocrx_word' id='word_1_128' title='bbox 1157 2748 1289 2812; x_wconf 85' lang='lat' dir='ltr'>servitia</span> 
     </span>
     <span class='ocr_line' id='line_1_19' title="bbox 40 2849 1287 2939; baseline -0.001 -24"><span class='ocrx_word' id='word_1_129' title='bbox 40 2849 196 2916; x_wconf 85' lang='lat' dir='ltr'>facienda</span> <span class='ocrx_word' id='word_1_130' title='bbox 218 2853 251 2916; x_wconf 92' lang='lat' dir='ltr'>in</span> <span class='ocrx_word' id='word_1_131' title='bbox 276 2851 481 2938; x_wconf 88' lang='lat' dir='ltr'>expeditione</span> <span class='ocrx_word' id='word_1_132' title='bbox 494 2851 682 2918; x_wconf 85' lang='lat' dir='ltr'>subtrahere</span> <span class='ocrx_word' id='word_1_133' title='bbox 695 2859 941 2934; x_wconf 88' lang='lat' dir='ltr'>consueverunt,</span> <span class='ocrx_word' id='word_1_134' title='bbox 954 2851 1091 2939; x_wconf 87' lang='lat' dir='ltr'>ideoque</span> <span class='ocrx_word' id='word_1_135' title='bbox 1103 2851 1287 2918; x_wconf 79' lang='lat' dir='ltr'>statuimus:</span> 
     </span>
     <span class='ocr_line' id='line_1_20' title="bbox 43 2953 1286 3046; baseline 0.002 -26"><span class='ocrx_word' id='word_1_136' title='bbox 43 2954 145 3035; x_wconf 80' lang='lat' dir='ltr'>Quod</span> <span class='ocrx_word' id='word_1_137' title='bbox 175 2953 274 3020; x_wconf 92' lang='lat' dir='ltr'>iidem</span> <span class='ocrx_word' id='word_1_138' title='bbox 306 2955 416 3021; x_wconf 89' lang='lat' dir='ltr'>cleriei</span> <span class='ocrx_word' id='word_1_139' title='bbox 442 2956 543 3021; x_wconf 85' lang='lat' dir='ltr'>nostri</span> <span class='ocrx_word' id='word_1_140' title='bbox 576 2957 679 3044; x_wconf 86' lang='lat' dir='ltr'>regni,</span> <span class='ocrx_word' id='word_1_141' title='bbox 709 2959 940 3046; x_wconf 85' lang='lat' dir='ltr'>cujuscumque</span> <span class='ocrx_word' id='word_1_142' title='bbox 976 2965 1077 3023; x_wconf 85' lang='lat' dir='ltr'>statue</span> <span class='ocrx_word' id='word_1_143' title='bbox 1108 2957 1286 3042; x_wconf 81' lang='lat' dir='ltr'>existerint,</span> 
     </span>
     <span class='ocr_line' id='line_1_21' title="bbox 41 3057 1288 3148; baseline 0.002 -25"><span class='ocrx_word' id='word_1_144' title='bbox 41 3059 215 3146; x_wconf 83' lang='lat' dir='ltr'>praedicta</span> <span class='ocrx_word' id='word_1_145' title='bbox 236 3057 417 3148; x_wconf 83' lang='lat' dir='ltr'>paternalis</span> <span class='ocrx_word' id='word_1_146' title='bbox 438 3059 523 3125; x_wconf 88' lang='lat' dir='ltr'>bona</span> <span class='ocrx_word' id='word_1_147' title='bbox 544 3068 700 3145; x_wconf 86' lang='lat' dir='ltr'>tenentes,</span> <span class='ocrx_word' id='word_1_148' title='bbox 731 3060 785 3126; x_wconf 91' lang='lat' dir='ltr'>vel</span> <span class='ocrx_word' id='word_1_149' title='bbox 814 3059 982 3126; x_wconf 88' lang='lat' dir='ltr'>nobiscum</span> <span class='ocrx_word' id='word_1_150' title='bbox 1005 3059 1217 3147; x_wconf 84' lang='lat' dir='ltr'>personaliter</span> <span class='ocrx_word' id='word_1_151' title='bbox 1246 3059 1288 3126; x_wconf 83' lang='lat' dir='ltr'>ad</span> 
     </span>
     <span class='ocr_line' id='line_1_22' title="bbox 42 3161 1286 3254; baseline 0.001 -26"><span class='ocrx_word' id='word_1_152' title='bbox 42 3161 227 3248; x_wconf 90' lang='lat' dir='ltr'>quamlibet</span> <span class='ocrx_word' id='word_1_153' title='bbox 248 3163 487 3251; x_wconf 84' lang='lat' dir='ltr'>expeditionem</span> <span class='ocrx_word' id='word_1_154' title='bbox 501 3167 636 3230; x_wconf 88' lang='lat' dir='ltr'>transire</span> <span class='ocrx_word' id='word_1_155' title='bbox 653 3173 832 3250; x_wconf 85' lang='lat' dir='ltr'>teneantur,</span> <span class='ocrx_word' id='word_1_156' title='bbox 851 3165 948 3254; x_wconf 84' lang='lat' dir='ltr'>juxta</span> <span class='ocrx_word' id='word_1_157' title='bbox 970 3163 1208 3254; x_wconf 85' lang='lat' dir='ltr'>praedictorum</span> <span class='ocrx_word' id='word_1_158' title='bbox 1231 3162 1286 3229; x_wconf 91' lang='lat' dir='ltr'>bo·</span> 
     </span>
     <span class='ocr_line' id='line_1_23' title="bbox 42 3266 1287 3359; baseline -0.002 -26"><span class='ocrx_word' id='word_1_159' title='bbox 42 3292 163 3334; x_wconf 91' lang='lat' dir='ltr'>norum</span> <span class='ocrx_word' id='word_1_160' title='bbox 198 3267 377 3349; x_wconf 82' lang='lat' dir='ltr'>facultates,</span> <span class='ocrx_word' id='word_1_161' title='bbox 407 3269 461 3334; x_wconf 82' lang='lat' dir='ltr'>vel</span> <span class='ocrx_word' id='word_1_162' title='bbox 484 3269 597 3336; x_wconf 88' lang='lat' dir='ltr'>eadem</span> <span class='ocrx_word' id='word_1_163' title='bbox 631 3270 718 3336; x_wconf 89' lang='lat' dir='ltr'>bona</span> <span class='ocrx_word' id='word_1_164' title='bbox 744 3271 900 3359; x_wconf 88' lang='lat' dir='ltr'>proximis</span> <span class='ocrx_word' id='word_1_165' title='bbox 924 3271 990 3336; x_wconf 88' lang='lat' dir='ltr'>suis</span> <span class='ocrx_word' id='word_1_166' title='bbox 1021 3269 1111 3334; x_wconf 89' lang='lat' dir='ltr'>laicis</span> <span class='ocrx_word' id='word_1_167' title='bbox 1135 3266 1287 3334; x_wconf 81' lang='lat' dir='ltr'>fratribus</span> 
     </span>
     <span class='ocr_line' id='line_1_24' title="bbox 42 3373 1288 3456; baseline -0.002 -18"><span class='ocrx_word' id='word_1_168' title='bbox 42 3373 211 3439; x_wconf 87' lang='lat' dir='ltr'>dimittere</span> <span class='ocrx_word' id='word_1_169' title='bbox 223 3383 403 3456; x_wconf 86' lang='lat' dir='ltr'>teneantur,</span> <span class='ocrx_word' id='word_1_170' title='bbox 417 3381 448 3440; x_wconf 89' lang='lat' dir='ltr'>et</span> <span class='ocrx_word' id='word_1_171' title='bbox 464 3373 585 3440; x_wconf 87' lang='lat' dir='ltr'>eisdem</span> <span class='ocrx_word' id='word_1_172' title='bbox 605 3376 803 3442; x_wconf 88' lang='lat' dir='ltr'>renunciare.</span> <span class='ocrx_word' id='word_1_173' title='bbox 828 3373 892 3455; x_wconf 82' lang='lat' dir='ltr'>Qui</span> <span class='ocrx_word' id='word_1_174' title='bbox 915 3374 943 3439; x_wconf 83' lang='lat' dir='ltr'>ai</span> <span class='ocrx_word' id='word_1_175' title='bbox 954 3383 1101 3440; x_wconf 87' lang='lat' dir='ltr'>neutrum</span> <span class='ocrx_word' id='word_1_176' title='bbox 1114 3373 1288 3456; x_wconf 88' lang='lat' dir='ltr'>renuerint,</span> 
     </span>
     <span class='ocr_line' id='line_1_25' title="bbox 41 3476 1289 3567; baseline -0.002 -24"><span class='ocrx_word' id='word_1_177' title='bbox 41 3477 216 3564; x_wconf 84' lang='lat' dir='ltr'>praedicta</span> <span class='ocrx_word' id='word_1_178' title='bbox 247 3477 332 3544; x_wconf 88' lang='lat' dir='ltr'>bona</span> <span class='ocrx_word' id='word_1_179' title='bbox 365 3478 600 3567; x_wconf 87' lang='lat' dir='ltr'>praedictorum</span> <span class='ocrx_word' id='word_1_180' title='bbox 642 3478 832 3546; x_wconf 87' lang='lat' dir='ltr'>clericorum</span> <span class='ocrx_word' id='word_1_181' title='bbox 861 3477 1064 3544; x_wconf 87' lang='lat' dir='ltr'>decemimus</span> <span class='ocrx_word' id='word_1_182' title='bbox 1091 3476 1289 3564; x_wconf 87' lang='lat' dir='ltr'>temporibus</span> 
     </span>
     <span class='ocr_line' id='line_1_26' title="bbox 43 3582 691 3672; baseline 0.002 -25"><span class='ocrx_word' id='word_1_183' title='bbox 43 3583 212 3672; x_wconf 88' lang='lat' dir='ltr'>perpetuis</span> <span class='ocrx_word' id='word_1_184' title='bbox 235 3603 335 3670; x_wconf 87' lang='lat' dir='ltr'>regno</span> <span class='ocrx_word' id='word_1_185' title='bbox 358 3593 467 3651; x_wconf 89' lang='lat' dir='ltr'>nostro</span> <span class='ocrx_word' id='word_1_186' title='bbox 489 3582 691 3672; x_wconf 86' lang='lat' dir='ltr'>applicanda.</span> 
     </span>
    </p>
   </div>
   <div class='ocr_carea' id='block_1_9' title="bbox 44 3765 1291 3958">
    <p class='ocr_par' dir='ltr' id='par_1_9' title="bbox 44 3765 1291 3958">
     <span class='ocr_line' id='line_1_27' title="bbox 44 3765 1291 3856; baseline 0.002 -25"><span class='ocrx_word' id='word_1_187' title='bbox 44 3769 96 3832; x_wconf 86' lang='lat' dir='ltr'>De</span> <span class='ocrx_word' id='word_1_188' title='bbox 120 3766 311 3833; x_wconf 79' lang='lat' dir='ltr'>dornirtobus</span> <span class='ocrx_word' id='word_1_189' title='bbox 333 3778 362 3832; x_wconf 84' lang='lat' dir='ltr'>et</span> <span class='ocrx_word' id='word_1_190' title='bbox 397 3768 582 3856; x_wconf 72' lang='lat' dir='ltr'>oirpins&#39;bos,</span> <span class='ocrx_word' id='word_1_191' title='bbox 613 3791 692 3856; x_wconf 78' lang='lat' dir='ltr'>quoe</span> <span class='ocrx_word' id='word_1_192' title='bbox 723 3769 823 3832; x_wconf 83' lang='lat' dir='ltr'>citant</span> <span class='ocrx_word' id='word_1_193' title='bbox 845 3767 981 3854; x_wconf 77' lang='lat' dir='ltr'>aliquem</span> <span class='ocrx_word' id='word_1_194' title='bbox 1002 3765 1221 3852; x_wconf 81' lang='lat' dir='ltr'>adjudicium</span> <span class='ocrx_word' id='word_1_195' title='bbox 1242 3769 1291 3834; x_wconf 84' lang='lat' dir='ltr'>vel</span> 
     </span>
     <span class='ocr_line' id='line_1_28' title="bbox 494 3872 852 3958; baseline 0.008 -21"><span class='ocrx_word' id='word_1_196' title='bbox 494 3875 635 3938; x_wconf 82' lang='lat' dir='ltr'>citantur</span> <span class='ocrx_word' id='word_1_197' title='bbox 664 3872 704 3936; x_wconf 86' lang='lat' dir='ltr'>ab</span> <span class='ocrx_word' id='word_1_198' title='bbox 735 3873 852 3958; x_wconf 84' lang='lat' dir='ltr'>alique.</span> 
     </span>
    </p>
   </div>
   <div class='ocr_carea' id='block_1_10' title="bbox 48 4028 1292 4743">
    <p class='ocr_par' dir='ltr' id='par_1_10' title="bbox 48 4028 1292 4743">
     <span class='ocr_line' id='line_1_29' title="bbox 140 4028 1290 4117; baseline 0.001 -24"><span class='ocrx_word' id='word_1_199' title='bbox 140 4031 173 4096; x_wconf 86' lang='grc'>9.</span> <span class='ocrx_word' id='word_1_200' title='bbox 197 4028 242 4094; x_wconf 91' lang='lat' dir='ltr'>Ut</span> <span class='ocrx_word' id='word_1_201' title='bbox 264 4029 465 4096; x_wconf 86' lang='lat' dir='ltr'>dominarum</span> <span class='ocrx_word' id='word_1_202' title='bbox 488 4029 653 4114; x_wconf 74' lang='lat' dir='ltr'>habitatio,</span> <span class='ocrx_word' id='word_1_203' title='bbox 666 4039 796 4117; x_wconf 89' lang='lat' dir='ltr'>propter</span> <span class='ocrx_word' id='word_1_204' title='bbox 818 4029 1022 4114; x_wconf 85' lang='lat' dir='ltr'>fragilitatem</span> <span class='ocrx_word' id='word_1_205' title='bbox 1046 4049 1154 4112; x_wconf 89' lang='lat' dir='ltr'>sexus,</span> <span class='ocrx_word' id='word_1_206' title='bbox 1178 4051 1198 4094; x_wconf 86' lang='lat' dir='ltr'>a</span> <span class='ocrx_word' id='word_1_207' title='bbox 1220 4050 1290 4094; x_wconf 90' lang='lat' dir='ltr'>eoe-</span> 
     </span>
     <span class='ocr_line' id='line_1_30' title="bbox 48 4133 1290 4220; baseline 0 -21"><span class='ocrx_word' id='word_1_208' title='bbox 48 4137 138 4200; x_wconf 87' lang='lat' dir='ltr'>tibue</span> <span class='ocrx_word' id='word_1_209' title='bbox 163 4133 305 4198; x_wconf 76' lang='lat' dir='ltr'>vitorum</span> <span class='ocrx_word' id='word_1_210' title='bbox 336 4136 468 4199; x_wconf 89' lang='lat' dir='ltr'>omnino</span> <span class='ocrx_word' id='word_1_211' title='bbox 491 4137 533 4199; x_wconf 86' lang='lat' dir='ltr'>sit</span> <span class='ocrx_word' id='word_1_212' title='bbox 554 4134 714 4216; x_wconf 83' lang='lat' dir='ltr'>distincte,</span> <span class='ocrx_word' id='word_1_213' title='bbox 739 4140 770 4199; x_wconf 89' lang='lat' dir='ltr'>et</span> <span class='ocrx_word' id='word_1_214' title='bbox 799 4155 840 4198; x_wconf 93' lang='lat' dir='ltr'>ne</span> <span class='ocrx_word' id='word_1_215' title='bbox 873 4135 908 4197; x_wconf 83' lang='lat' dir='ltr'>In</span> <span class='ocrx_word' id='word_1_216' title='bbox 931 4155 1043 4197; x_wconf 85' lang='lat' dir='ltr'>causas</span> <span class='ocrx_word' id='word_1_217' title='bbox 1064 4141 1198 4198; x_wconf 84' lang='lat' dir='ltr'>vocatae</span> <span class='ocrx_word' id='word_1_218' title='bbox 1221 4157 1290 4220; x_wconf 88' lang='lat' dir='ltr'>pre-</span> 
     </span>
     <span class='ocr_line' id='line_1_31' title="bbox 49 4235 1291 4324; baseline 0 -20"><span class='ocrx_word' id='word_1_219' title='bbox 49 4249 143 4304; x_wconf 83' lang='lat' dir='ltr'>mant</span> <span class='ocrx_word' id='word_1_220' title='bbox 166 4259 202 4302; x_wconf 84' lang='lat' dir='ltr'>se</span> <span class='ocrx_word' id='word_1_221' title='bbox 224 4238 259 4302; x_wconf 81' lang='lat' dir='ltr'>In</span> <span class='ocrx_word' id='word_1_222' title='bbox 282 4237 395 4302; x_wconf 88' lang='lat' dir='ltr'>turmis</span> <span class='ocrx_word' id='word_1_223' title='bbox 417 4239 571 4316; x_wconf 87' lang='lat' dir='ltr'>virorum,</span> <span class='ocrx_word' id='word_1_224' title='bbox 594 4239 702 4304; x_wconf 86' lang='lat' dir='ltr'>sanxit</span> <span class='ocrx_word' id='word_1_225' title='bbox 723 4247 832 4302; x_wconf 85' lang='lat' dir='ltr'>nostra</span> <span class='ocrx_word' id='word_1_226' title='bbox 853 4237 1026 4302; x_wconf 79' lang='lat' dir='ltr'>auotoritas</span> <span class='ocrx_word' id='word_1_227' title='bbox 1049 4235 1090 4300; x_wconf 90' lang='lat' dir='ltr'>de</span> <span class='ocrx_word' id='word_1_228' title='bbox 1112 4239 1291 4324; x_wconf 83' lang='lat' dir='ltr'>praesenti:</span> 
     </span>
     <span class='ocr_line' id='line_1_32' title="bbox 48 4341 1292 4428; baseline -0.001 -21"><span class='ocrx_word' id='word_1_229' title='bbox 48 4344 97 4408; x_wconf 90' lang='lat' dir='ltr'>Ut</span> <span class='ocrx_word' id='word_1_230' title='bbox 109 4345 139 4407; x_wconf 88' lang='lat' dir='ltr'>si</span> <span class='ocrx_word' id='word_1_231' title='bbox 161 4363 226 4428; x_wconf 86' lang='lat' dir='ltr'>qua</span> <span class='ocrx_word' id='word_1_232' title='bbox 250 4341 380 4408; x_wconf 88' lang='lat' dir='ltr'>domina</span> <span class='ocrx_word' id='word_1_233' title='bbox 391 4343 460 4408; x_wconf 84' lang='lat' dir='ltr'>sive</span> <span class='ocrx_word' id='word_1_234' title='bbox 479 4343 582 4428; x_wconf 88' lang='lat' dir='ltr'>virgo,</span> <span class='ocrx_word' id='word_1_235' title='bbox 595 4343 696 4408; x_wconf 88' lang='lat' dir='ltr'>citans</span> <span class='ocrx_word' id='word_1_236' title='bbox 719 4353 775 4416; x_wconf 85' lang='lat' dir='ltr'>aut</span> <span class='ocrx_word' id='word_1_237' title='bbox 797 4344 904 4424; x_wconf 86' lang='lat' dir='ltr'>citata,</span> <span class='ocrx_word' id='word_1_238' title='bbox 916 4344 1041 4408; x_wconf 86' lang='lat' dir='ltr'>venerit</span> <span class='ocrx_word' id='word_1_239' title='bbox 1057 4341 1097 4407; x_wconf 88' lang='lat' dir='ltr'>ad</span> <span class='ocrx_word' id='word_1_240' title='bbox 1112 4342 1292 4418; x_wconf 83' lang='lat' dir='ltr'>terminum,</span> 
     </span>
     <span class='ocr_line' id='line_1_33' title="bbox 49 4445 1292 4536; baseline -0.002 -23"><span class='ocrx_word' id='word_1_241' title='bbox 49 4451 123 4536; x_wconf 88' lang='lat' dir='ltr'>ejus</span> <span class='ocrx_word' id='word_1_242' title='bbox 142 4446 397 4512; x_wconf 81' lang='lat' dir='ltr'>advertariusad</span> <span class='ocrx_word' id='word_1_243' title='bbox 410 4445 583 4535; x_wconf 87' lang='lat' dir='ltr'>hospitium</span> <span class='ocrx_word' id='word_1_244' title='bbox 605 4446 691 4512; x_wconf 88' lang='lat' dir='ltr'>illius</span> <span class='ocrx_word' id='word_1_245' title='bbox 707 4447 854 4512; x_wconf 89' lang='lat' dir='ltr'>dominae</span> <span class='ocrx_word' id='word_1_246' title='bbox 866 4449 990 4513; x_wconf 88' lang='lat' dir='ltr'>mittere</span> <span class='ocrx_word' id='word_1_247' title='bbox 1003 4454 1160 4528; x_wconf 87' lang='lat' dir='ltr'>teneatur,</span> <span class='ocrx_word' id='word_1_248' title='bbox 1184 4467 1292 4511; x_wconf 85' lang='lat' dir='ltr'>coram</span> 
     </span>
     <span class='ocr_line' id='line_1_34' title="bbox 49 4547 1291 4640; baseline 0 -24"><span class='ocrx_word' id='word_1_249' title='bbox 49 4575 117 4640; x_wconf 89' lang='lat' dir='ltr'>quo</span> <span class='ocrx_word' id='word_1_250' title='bbox 130 4553 290 4616; x_wconf 86' lang='lat' dir='ltr'>actionem</span> <span class='ocrx_word' id='word_1_251' title='bbox 313 4552 383 4616; x_wconf 86' lang='lat' dir='ltr'>sive</span> <span class='ocrx_word' id='word_1_252' title='bbox 405 4551 624 4616; x_wconf 88' lang='lat' dir='ltr'>defensionem</span> <span class='ocrx_word' id='word_1_253' title='bbox 648 4574 725 4618; x_wconf 86' lang='lat' dir='ltr'>suae</span> <span class='ocrx_word' id='word_1_254' title='bbox 748 4574 864 4617; x_wconf 85' lang='lat' dir='ltr'>causae</span> <span class='ocrx_word' id='word_1_255' title='bbox 886 4551 1043 4617; x_wconf 86' lang='lat' dir='ltr'>advocato</span> <span class='ocrx_word' id='word_1_256' title='bbox 1066 4547 1119 4616; x_wconf 85' lang='lat' dir='ltr'>vel</span> <span class='ocrx_word' id='word_1_257' title='bbox 1141 4571 1199 4616; x_wconf 88' lang='lat' dir='ltr'>suo</span> <span class='ocrx_word' id='word_1_258' title='bbox 1221 4573 1291 4637; x_wconf 91' lang='lat' dir='ltr'>pro·</span> 
     </span>
     <span class='ocr_line' id='line_1_35' title="bbox 52 4655 793 4743; baseline 0.004 -21"><span class='ocrx_word' id='word_1_259' title='bbox 52 4656 208 4742; x_wconf 82' lang='lat' dir='ltr'>curatori,</span> <span class='ocrx_word' id='word_1_260' title='bbox 230 4658 280 4720; x_wconf 91' lang='lat' dir='ltr'>oui</span> <span class='ocrx_word' id='word_1_261' title='bbox 303 4655 453 4743; x_wconf 82' lang='lat' dir='ltr'>placebit,</span> <span class='ocrx_word' id='word_1_262' title='bbox 476 4657 509 4720; x_wconf 93' lang='lat' dir='ltr'>in</span> <span class='ocrx_word' id='word_1_263' title='bbox 531 4664 598 4722; x_wconf 90' lang='lat' dir='ltr'>toto</span> <span class='ocrx_word' id='word_1_264' title='bbox 621 4655 793 4742; x_wconf 84' lang='lat' dir='ltr'>delegabit.</span> 
     </span>
    </p>
   </div>
   <div class='ocr_carea' id='block_1_11' title="bbox 0 0 1559 5128">
    <p class='ocr_par' dir='ltr' id='par_1_11' title="bbox 0 0 1559 5128">
     <span class='ocr_line' id='line_1_36' title="bbox 0 0 1559 5128; baseline 0 0"><span class='ocrx_word' id='word_1_265' title='bbox 0 0 1559 5128; x_wconf 95' lang='lat' dir='ltr'> </span> 
     </span>
    </p>
   </div>
  </div>
 </body>
</html>
