3082 5128
236 431 311 504 548
334 499 338 506 .
624 445 749 500 xxan
769 445 875 498 sarua
891 445 1061 500 warennae
1078 448 1100 499 1.

381 639 493 704 Utinm
513 637 727 704 denominatio
749 637 874 702 estium
896 639 1197 721 wiuarspuiraeitntia
1219 639 1333 704 soleat.

314 769 366 835 39.
397 768 510 834 Petrus
533 793 554 833 a
574 767 725 834 Johanne
752 767 881 834 domurn
911 767 1114 851 vendicabat,
1148 779 1180 834 et
1202 769 1245 834 ad
1268 771 1482 858 probandam

230 896 321 938 suam
344 875 564 956 intentionem,
587 873 702 937 Petrus
725 895 784 938 sex
805 880 917 956 testes,
926 875 1023 961 juxta
1040 873 1160 960 judicis
1186 875 1386 959 mandatum,
1403 899 1479 964 pro-

231 977 340 1063 duxit3
364 967 500 1065 quorum
522 977 645 1064 primus
669 979 759 1043 testis
781 977 842 1042 fuit
854 977 1008 1061 Jacobus,
1021 977 1115 1044 aliter
1129 979 1253 1062 Petrus,
1268 981 1368 1067 ipsius
1387 1005 1479 1046 conr-

231 1093 322 1170 pater
345 1080 497 1149 videlieet
517 1080 607 1147 Petri
630 1093 662 1147 et
682 1081 839 1148 mediator
869 1084 938 1147 sive
961 1084 1082 1148 amicus
1107 1083 1157 1148 vel
1181 1082 1359 1150 amicabilis
1385 1109 1481 1150 ccm-

230 1189 353 1272 positor
375 1187 409 1252 in
432 1186 546 1254 eadem
569 1209 684 1270 causa3
718 1209 814 1273 quem
836 1188 906 1275 ipse
928 1185 1103 1266 lohannes,
1138 1187 1213 1254 dum
1244 1199 1342 1256 testes
1364 1192 1403 1256 in
1422 1193 1480 1278 ju-

231 1291 317 1357 dicio
349 1291 526 1357 secundum
557 1294 821 1358 consuetudinem
854 1293 1105 1378 nominarentur,
1138 1291 1284 1380 neglexit
1316 1318 1479 1362 revocare

232 1396 293 1462 sibi
327 1397 511 1484 hujusmodi
545 1398 886 1482 consanguineitatem.
929 1397 1070 1463 Demum
1106 1399 1192 1464 circa
1224 1400 1353 1464 testium
1382 1401 1479 1485 jura·

230 1509 372 1568 mentum
395 1501 604 1590 opponendus
616 1500 799 1590 praedictus
816 1501 982 1568 Johannes
1004 1504 1223 1569 testimonium
1247 1502 1324 1569 dicti
1341 1503 1479 1587 Jacobi,

230 1615 362 1694 propter
382 1606 559 1692 praefatam
591 1607 930 1692 consanguineitatem,
964 1615 1148 1675 constanter
1168 1609 1307 1674 asseruit
1328 1631 1395 1674 non
1420 1633 1477 1674 va-

232 1711 306 1794 lere,
337 1720 369 1776 st
399 1713 446 1776 sic
473 1709 602 1776 dicebat
635 1734 671 1776 se
693 1733 823 1777 causam
847 1711 982 1777 eandem
1005 1711 1220 1782 obtenturum.
1265 1711 1334 1780 Nos
1364 1715 1481 1802 itaque

230 1816 481 1894 considerantes,
513 1815 599 1902 quod
630 1814 815 1880 amicabiles
838 1817 1066 1904 compositores
1091 1818 1160 1882 sive
1182 1816 1374 1884 mediatores
1401 1841 1480 1883 con-

232 1920 400 2006 sanguinei
423 1943 494 1986 asse
510 1931 756 2004 consueverunt,
781 1919 1001 1988 declaramus:
1023 1920 1062 1986 In
1077 1921 1131 1988 tali
1156 1945 1232 1989 casu
1255 1923 1478 1988 testimonium

231 2023 388 2112 praedicti
411 2024 529 2094 Jacobi
552 2024 659 2092 valeat
680 2047 739 2115 pro
764 2025 861 2094 Petro
884 2027 1059 2094 aeviterne.

459 2191 509 2256 Da
525 2193 836 2280 prasscmptioaibus
849 2194 1016 2282 societatis
1038 2203 1070 2258 et
1093 2194 1243 2258 beandis.

314 2321 366 2388 40.
401 2322 508 2405 Quum
535 2323 745 2411 praescriptio
775 2333 908 2412 propter
941 2327 1109 2411 segnitiem
1134 2335 1166 2390 et
1187 2325 1351 2412 pigritiam
1372 2325 1479 2390 dumi-

229 2451 342 2493 norum
365 2429 407 2493 sit
428 2427 581 2512 instituta,
598 2427 734 2515 proinde
750 2431 917 2495 statuimus
937 2437 969 2495 ct
990 2431 1210 2497 decernimus:
1247 2429 1343 2512 Quod
1366 2430 1395 2494 si
1419 2429 1478 2494 ali-

230 2533 303 2619 quis
326 2531 429 2598 credit
451 2542 483 2598 et
504 2541 641 2619 reputat,
677 2557 711 2598 ss
733 2531 853 2600 habere
875 2533 1007 2622 aliquod
1031 2537 1088 2624 jus
1109 2534 1153 2602 ad
1174 2533 1315 2622 aliquam
1349 2533 1478 2599 heredi-

230 2645 338 2722 tatem,
362 2659 458 2724 quam
481 2638 598 2726 aliquis
622 2637 879 2725 praesentialiter
901 2639 1054 2726 possidet,
1078 2641 1105 2704 si
1120 2639 1206 2706 infra
1227 2649 1294 2704 tres
1316 2661 1421 2704 annos
1444 2647 1479 2704 et

231 2752 296 2808 tres
326 2744 464 2824 menses,
498 2751 642 2829 tempore
671 2743 760 2830 pacis
791 2751 824 2808 et
845 2743 1048 2827 concordiae,
1085 2744 1240 2810 sustineat
1270 2752 1304 2808 et
1332 2745 1478 2830 patiatur

231 2846 365 2934 pacifica
397 2848 503 2934 ipsum
536 2869 754 2935 possessorem
788 2847 956 2936 possidere
989 2847 1125 2914 eandem
1158 2847 1380 2931 hereditatem,
1419 2849 1476 2930 ite,

232 2951 320 3039 quod
342 2951 416 3035 sibi,
449 2951 526 3018 licet
545 2953 718 3040 praesenti,
751 2961 783 3018 et
805 2952 898 3039 cujus
920 2953 1066 3020 notitiam
1097 2976 1154 3018 seu
1184 2953 1411 3018 sufficientiam
1435 2951 1477 3016 de

231 3054 319 3122 facili
341 3057 444 3142 possit
466 3055 596 3140 babere,
619 3056 704 3122 infra
716 3056 915 3144 praedictum
933 3069 1067 3145 tempus,
1083 3055 1235 3149 videlicet
1258 3058 1353 3124 trium
1374 3079 1475 3122 anno-

231 3183 302 3226 rum
325 3170 361 3228 et·
379 3163 477 3228 trium
496 3162 665 3247 mensium,
689 3184 752 3228 non
775 3170 904 3228 moveat
926 3161 1067 3250 aliquam
1090 3163 1329 3250 quaestionem:
1353 3171 1477 3226 extunc

232 3265 273 3332 ab
288 3266 373 3332 omni
389 3267 465 3354 jure
483 3275 515 3332 et
526 3265 750 3332 vendicatione
768 3265 954 3334 hereditatis
969 3287 1137 3334 censemus
1152 3265 1291 3334 eundem
1304 3263 1471 3332 cecidisse.

492 3434 558 3524 (De
580 3433 825 3524 obligationibus
847 3435 986 3521 aiicujus
1009 3433 1217 3521 hereditatis.)

319 3564 371 3630 41.
407 3563 454 3654 [Si
481 3573 588 3632 autem
611 3563 727 3652 aliquis
756 3565 790 3630 in
821 3563 1016 3652 obligatione
1046 3571 1154 3630 teneat
1182 3561 1325 3651 aliquam
1347 3562 1472 3629 heredi-

233 3677 343 3754 tatem,
377 3669 591 3750 decemimus,
625 3668 713 3757 quod
734 3667 820 3736 idem
845 3667 1002 3754 obligans,
1037 3666 1089 3733 vel
1111 3668 1182 3755 ipso
1205 3667 1387 3754 obligatore
1409 3691 1471 3734 non

233 3775 393 3840 existente
426 3771 479 3840 rel
501 3772 671 3854 deficiente
704 3771 841 3861 quilibet
873 3773 975 3860 ipsius
998 3772 1296 3859 consanguineitate
1329 3769 1384 3838 vel
1406 3771 1473 3836 affi-

233 3879 334 3945 nitate
356 3879 544 3967 proximior,
568 3901 676 3946 coram
693 3879 806 3968 judice
828 3887 948 3963 nostro,
972 3880 999 3943 si
1020 3878 1122 3965 ipsius
1145 3877 1271 3965 copiam
1292 3885 1399 3964 potest
1422 3875 1475 3940 ba-

233 3982 321 4067 bere,
345 3983 398 4050 vel
421 3981 534 4072 saltem
551 3983 584 4050 in
598 3983 752 4071 parocbia
774 3981 919 4070 ejusdem
943 3981 1130 4048 hereditatis
1149 3980 1321 4068 obligatae,
1344 3979 1474 4068 publice

232 4087 328 4156 faciat
358 4087 401 4154 ad
432 4090 537 4154 minus
567 4086 666 4154 semel
696 4088 730 4152 in
751 4110 836 4154 anno
866 4087 1138 4175 protestationem,
1172 4084 1225 4152 vel
1256 4085 1288 4150 in
1312 4083 1473 4172 colloquio

233 4189 386 4280 generali,
410 4191 498 4280 quod
519 4193 607 4260 dicta
629 4189 790 4258 hereditas
812 4193 847 4258 in
869 4200 958 4258 tanta
979 4191 1126 4279 pecunia,
1149 4199 1246 4277 prout
1268 4199 1319 4256 ast
1340 4187 1393 4255 vel
1418 4191 1477 4254 fnit

234 4299 267 4362 in
290 4296 384 4375 lacto,
418 4297 460 4363 sit
482 4296 633 4384 obligata.
678 4296 843 4364 Facienda
870 4293 1055 4384 hujusmodi
1083 4292 1347 4382 protestationem
1370 4293 1473 4359 dictus

235 4401 383 4490 obligans
412 4398 465 4468 vel
492 4401 670 4488 proximior
699 4403 810 4489 ipsius,
845 4411 880 4466 ut
903 4400 1114 4488 praemissum
1137 4407 1196 4481 est,
1229 4397 1314 4464 int'ra
1344 4399 1474 4484 triginta

235 4527 337 4572 annos
358 4505 539 4573 redimendi
561 4505 615 4572 rel
636 4505 797 4572 liberandi
818 4505 1016 4594 praedictam
1038 4501 1260 4586 hereditatem,
1283 4502 1416 4591 plenam
1438 4525 1475 4568 aa

236 4609 373 4686 liberam
395 4609 514 4678 habeat
536 4608 728 4678 facultatem.
768 4609 863 4693 Quod
887 4611 914 4676 sti
937 4632 1001 4677 non
1024 4609 1197 4688 curaverit,
1219 4606 1272 4675 vel
1295 4606 1475 4694 neglexerit
