3082 5128
262 480 335 554 568
636 495 761 546 xrxrn.
780 495 882 548 satus
899 495 1068 547 Wislicsnsta
1085 493 1106 544 1.

568 686 617 750 Do
639 685 793 750 diciciooe
808 687 908 774 factu
931 707 1035 751 corum
1058 687 1178 751 amicis.

346 813 417 883 108.
453 813 560 896 Quum
588 816 691 880 omnis
722 816 932 882 dissensionis
955 824 988 880 et
1010 815 1191 882 discordiae
1223 816 1265 880 sit
1287 821 1395 880 mater
1415 834 1486 878 com-

261 919 379 1003 munio,
413 919 447 983 in
470 941 534 1006 qua
556 921 653 986 etiam
674 919 789 986 fratres
818 929 873 987 aut
899 921 1043 1008 germani
1065 921 1252 1005 existentes,
1283 919 1326 984 ad
1348 937 1487 983 rancores

259 1043 316 1088 seu
339 1021 412 1089 lites
433 1043 500 1088 uon
522 1023 665 1090 modicas
688 1027 815 1113 saepius
837 1033 1062 1112 provocantur,
1085 1023 1127 1091 ad
1149 1047 1230 1112 quas
1252 1022 1422 1089 evitandas
1441 1021 1485 1084 bo-

260 1127 362 1192 mines
378 1127 451 1215 ipsi,
474 1151 515 1196 ne
531 1128 757 1216 inpericulum
779 1128 923 1195 incidant
945 1130 1032 1195 vitae
1049 1127 1225 1216 utriusque,
1250 1133 1485 1205 consueverunt

259 1238 296 1296 ut
316 1228 499 1318 plurimum,
532 1231 680 1300 beminen
706 1235 818 1300 vivers
850 1243 882 1299 et
904 1242 988 1300 stare
1010 1234 1043 1298 in
1065 1233 1203 1321 propriis
1233 1231 1383 1298 domibus
1405 1253 1485 1316 sepa·

259 1337 363 1420 ratim,
398 1336 438 1402 de
461 1346 552 1425 parte
578 1338 736 1406 bonorum
759 1340 828 1404 aive
851 1337 1073 1416 hereditatum,
1108 1357 1192 1424 quae
1220 1335 1308 1424 ipsos
1331 1337 1485 1420 contingit,

260 1437 370 1506 habita
392 1440 560 1527 divisione,
583 1444 721 1509 invicem
738 1444 880 1530 ipsorum
896 1444 1008 1510 amicis
1019 1441 1243 1526 mediantibus,
1265 1439 1344 1506 licet
1358 1438 1399 1505 ad
1409 1439 1486 1526 prin·

259 1543 339 1630 cipis
362 1546 506 1612 notitiam
525 1547 626 1634 ipsius
649 1569 713 1614 non
739 1547 885 1614 deducta.
920 1546 985 1614 Sed
1007 1548 1083 1634 quia
1101 1568 1197 1634 saepe
1219 1545 1387 1630 contingit,
1409 1539 1485 1630 quod

259 1669 300 1712 ex
322 1646 592 1735 aliquorumvita
614 1653 721 1719 activa
743 1662 776 1718 et
796 1652 883 1719 bona
903 1653 1127 1741 procuratione
1158 1649 1285 1736 [domus
1308 1655 1486 1736 reparantur

259 1760 291 1816 et
311 1763 532 1841 procurantur,
555 1756 654 1822 ceteri
677 1777 754 1822 vero
776 1757 894 1844 ipsum]
917 1754 1119 1842 negligentes
1142 1765 1173 1820 et
1193 1754 1228 1819 in
1249 1753 1374 1819 ratione
1396 1751 1484 1816 diseo

178 1902 181 1908 ,
258 1853 327 1940 luti,
361 1856 474 1925 domos
496 1861 643 1948 proprias
666 1882 705 1926 ac
726 1858 812 1927 bona
834 1857 1027 1926 hereditaria
1055 1859 1228 1924 reformare
1250 1879 1315 1924 nou
1338 1863 1485 1938 curantes,

257 1959 369 2026 domos
396 1961 583 2030 informatas
613 1973 644 2030 et
664 1963 859 2030 hereditates
882 1963 924 2030 ed
946 1963 1115 2030 utilitatem
1147 1961 1310 2046 deductas,
1340 1961 1413 2048 jure
1433 1979 1484 2046 pro

258 2086 292 2130 so
315 2066 487 2133 vendicant
509 2066 662 2152 obtinere,
692 2067 808 2136 fratres
831 2077 887 2135 aut
907 2069 1028 2134 amicos
1051 2069 1196 2155 ipsorum
1218 2065 1259 2132 ad
1277 2063 1402 2154 judicia
1421 2083 1483 2150 pro·

256 2167 429 2256 trabentes,
462 2181 494 2238 et
515 2173 562 2238 sic
583 2173 719 2262 quilibet
741 2171 982 2260 paterfamilias,
1005 2179 1110 2238 tactus
1132 2170 1194 2236 hoc
1215 2171 1338 2253 timore,
1362 2191 1382 2233 a
1402 2189 1481 2254 repa·

256 2275 379 2341 ratione
400 2275 557 2344 bonorum
581 2300 617 2343 se
639 2277 842 2345 subtrahitet
869 2277 1035 2343 domorum
1052 2276 1229 2342 erectione:
1252 2283 1383 2360 propter
1398 2269 1482 2376 qpod,

256 2387 292 2443 ut
313 2401 333 2443 e
354 2387 482 2468 torpore
516 2393 547 2447 et
573 2383 703 2470 pigritia
724 2381 804 2448 tales
835 2380 1034 2448 retrahamus
1067 2389 1099 2447 et
1122 2380 1310 2460 excitemus,
1346 2383 1378 2442 et
1409 2374 1482 2440 bene

256 2479 438 2550 laborantes
460 2494 493 2551 et
514 2496 722 2572 procurantes
745 2485 877 2574 aliquod
899 2485 1103 2552 commodum
1126 2483 1202 2548 inde
1224 2487 1397 2569 reportent,
1429 2489 1482 2543 sta-

256 2587 374 2652 tuimus
396 2598 506 2656 nostra
528 2591 735 2658 auctoritate:
758 2589 802 2656 Ut
823 2590 1016 2677 quicumque
1030 2587 1146 2654 fratres
1167 2585 1220 2654 vel
1235 2585 1340 2669 amici,
1363 2603 1482 2650 consan-

255 2692 364 2774 guinei
386 2693 441 2758 vel
462 2696 586 2780 remoti,
609 2717 707 2762 sexus
729 2695 906 2781 utriusque,
929 2692 1112 2760 abinvicem
1135 2689 1275 2778 separati
1297 2687 1415 2754 firerint
1434 2682 1477 2749 vel

256 2793 363 2880 divisi,
392 2805 426 2866 ct
446 2799 480 2864 iu
502 2799 564 2866 hac
586 2799 787 2885 separatione
810 2820 868 2866 seu
890 2796 1050 2864 divisione
1072 2797 1218 2862 steterint
1239 2815 1299 2881 per
1320 2789 1480 2857 triennium

256 2907 289 2965 et
311 2909 376 2966 tres
397 2925 525 2969 menses
547 2902 581 2968 in
603 2903 832 2987 tacituunitate,
864 2901 906 2968 ad
924 2899 1083 2988 judicium
1105 2921 1170 2966 non
1192 2896 1401 2978 deducentes,
1428 2891 1480 2957 nisi

257 3027 355 3072 causa
376 3004 520 3092 legitima
535 3007 701 3094 allegetur,
723 3015 854 3096 propter
870 3027 967 3094 quam
986 3004 1048 3071 sibi
1064 3026 1129 3070 non
1144 3003 1254 3070 obviet
1270 2997 1479 3089 praescriptio,

253 3133 274 3174 a
300 3112 488 3197 repetitione
518 3134 575 3179 seu
602 3111 826 3178 vendicatione
859 3111 960 3198 partis
995 3107 1181 3176 hereditatis
1214 3105 1322 3172 fratris
1359 3103 1407 3168 sni
1433 3097 1478 3162 vel

254 3213 359 3299 amici,
382 3237 441 3302 per
463 3218 746 3304 praescriptionem
768 3213 928 3304 objectam
950 3213 1093 3302 legitime
1116 3210 1339 3278 excludantur.

586 3356 636 3422 De
658 3357 727 3422 illis
749 3357 804 3444 qui
827 3365 978 3420 ocemont
997 3354 1035 3418 de
1050 3353 1166 3441 fiutsa.

341 3467 412 3535 109.
446 3467 553 3550 Quum
574 3469 660 3534 furta
682 3479 714 3536 et
735 3467 905 3535 latrocinia
924 3476 1056 3556 propter
1078 3467 1266 3531 saevitatem
1289 3458 1430 3526 criminis
1449 3465 1475 3518 et

254 3571 463 3640 inflictionem
485 3596 542 3640 seu
564 3573 823 3639 formidationem
843 3595 968 3661 poenae
984 3593 1042 3659 pro
1057 3567 1174 3636 delicto
1197 3566 1368 3633 commisso
1390 3581 1474 3648 oppo-

254 3676 388 3762 nendae,
422 3699 480 3766 per
501 3675 663 3744 maleficos
694 3676 855 3744 interdum
877 3674 1050 3765 plurimum
1080 3671 1289 3752 occultantur,
1319 3668 1374 3750 ita,
1402 3659 1476 3751 quod

253 3782 368 3848 notitia
396 3782 539 3848 criminis
568 3783 603 3847 in
623 3781 717 3848 brevi
745 3804 810 3848 non
832 3789 938 3870 potest
968 3777 1141 3867 propalari,
1174 3784 1207 3840 et
1228 3775 1276 3840 sic
1297 3769 1476 3859 quandoque

252 3884 339 3950 furta
361 3895 528 3952 remanent
549 3887 715 3974 impunita,
739 3894 775 3951 ut
796 3907 868 3951 cum
892 3892 1005 3949 contra
1026 3903 1081 3948 eos
1104 3881 1188 3946 actio
1210 3875 1408 3965 proponitur,
1428 3889 1478 3956 per

254 3991 476 4078 exceptionem
507 3991 765 4078 praescriptionis
797 3987 944 4056 mortalia
966 3985 1078 4052 volunt
1108 4006 1143 4049 se
1164 3983 1264 4064 tueri,
1294 3981 1328 4044 in
1351 3977 1479 4043 detesta-

254 4093 375 4159 tionem
387 4095 495 4182 itaque
509 4094 652 4160 criminis
665 4095 885 4160 decernimus:
907 4091 962 4176 Ut,
975 4093 1003 4155 si
1015 4089 1086 4178 quis
1098 4087 1139 4152 do
1160 4085 1245 4152 furto
1266 4092 1323 4149 aut
1344 4081 1385 4146 de
1395 4080 1476 4145 latro

255 4198 340 4264 cinio
362 4197 538 4285 injudicio
560 4209 738 4276 accusatur,
772 4199 801 4264 si
823 4207 873 4264 eat
894 4219 1003 4263 secum
1026 4213 1159 4258 manens
1182 4191 1216 4255 iu
1237 4211 1303 4254 una
1323 4183 1412 4269 villa,
1432 4189 1479 4245 ml

254 4304 288 4366 in
310 4301 464 4390 parochia
493 4325 557 4369 una
585 4303 673 4370 audit
695 4323 804 4369 secum
827 4301 938 4368 divina
967 4299 1008 4364 de
1031 4294 1201 4363 domiciliis
1222 4294 1378 4381 ipsorum,
1410 4299 1475 4351 tunc

255 4405 400 4494 objectus
425 4407 573 4473 annualis
603 4407 863 4496 praescriptionis
893 4403 1038 4492 procedit
1067 4411 1099 4466 et
1121 4398 1218 4465 habet
1247 4396 1353 4461 locum
1376 4403 1477 4458 conto

251 4520 399 4593 agentem
422 4511 463 4577 de
485 4511 577 4579 furto.
600 4514 658 4578 Sin
679 4522 786 4578 autom
808 4511 989 4577 abinvicem
1012 4515 1101 4573 actor
1123 4515 1155 4569 et
1173 4524 1248 4568 reus
1271 4507 1346 4564 sunt
1367 4497 1474 4562 distan-

252 4629 310 4697 tes,
340 4638 404 4686 non
431 4615 495 4682 alia
515 4617 726 4703 praescriptio
753 4615 952 4702 exceptionis
980 4617 1129 4696 agentem
1151 4629 1210 4695 pro
1242 4605 1328 4671 furto
1350 4597 1475 4687 repullit
