3082 5128
490 483 600 536 xxxv.
618 482 724 536 sesua
742 483 901 536 vannus.
1242 461 1317 536 595

57 671 217 748 alterius,
230 669 313 738 tales
325 671 458 738 arbores
471 671 523 738 vel
547 671 596 736 his
618 669 740 738 similes
760 670 944 752 succiderit,
958 670 1148 758 poterit'per
1159 671 1313 738 heredem

58 775 176 846 silvae
189 775 359 864 captivari,
382 785 414 842 et
436 775 478 841 ad
501 777 684 844 cautionem
698 775 934 864 fidejussoriam
946 777 1131 865 petentibus
1142 778 1312 864 assignari.

54 881 140 946 Non
165 881 251 946 enim
276 902 454 946 consonum
477 890 509 946 et
532 880 696 947 sufficiens
720 880 858 965 videtur,
879 881 1313 970 protamnotabilidamno,

55 986 140 1052 leve
165 987 284 1072 pignus
307 986 419 1072 recipi,
443 985 497 1050 vel
519 984 606 1071 quod
629 982 831 1051 solummodo
855 987 887 1050 in
911 987 1046 1073 pignere
1068 985 1230 1074 punietur.
1272 987 1315 1053 Et

55 1087 219 1156 similiter
243 1089 282 1154 de
305 1091 399 1178 gajis,
424 1088 479 1154 ubi
503 1110 626 1178 paucae
651 1088 753 1154 silvae
776 1099 860 1173 sunt,
885 1090 1087 1156 observetur.

154 1193 285 1260 XXVI.
297 1192 464 1260 Mellificia
475 1195 508 1258 in
520 1195 706 1260 nemoribus
720 1217 779 1262 seu
788 1194 892 1262 borris
905 1196 937 1260 in
948 1194 1041 1262 bonis
1050 1195 1184 1260 alterius
1204 1195 1313 1265 domin

56 1299 239 1366 kmetones
269 1307 424 1376 tenentes,
456 1307 511 1364 aut
539 1301 615 1386 jure
646 1299 839 1366 hereditario
869 1298 1081 1387 possidentes,
1106 1309 1139 1364 ot
1161 1300 1221 1366 sub
1244 1301 1309 1366 alio

57 1405 237 1490 degentes,
261 1401 301 1468 de
315 1401 458 1485 tributis,
489 1400 569 1470 elias
593 1405 668 1486 doro,
709 1426 766 1470 seu
797 1403 892 1470 melle
914 1411 1083 1470 teneantur
1106 1404 1313 1491 respondere.

57 1507 133 1588 Qui
156 1510 186 1572 si
209 1508 242 1572 in
266 1506 424 1574 solutione
447 1506 532 1573 tardi
554 1509 748 1591 exstiterint,
774 1517 829 1574 aut
844 1507 972 1574 solvere
996 1507 1210 1595 neglexerint,
1233 1519 1311 1578 tunc

57 1613 175 1678 dictus
207 1612 357 1678 dominus
387 1613 507 1699 poterit
537 1635 595 1700 pro
627 1634 726 1678 censu
756 1635 815 1678 sue
834 1611 984 1700 judicare
1009 1613 1140 1680 eosdem
1163 1623 1196 1680 et
1218 1616 1312 1702 impi-

57 1739 228 1804 gnorare;
252 1725 284 1782 et
298 1715 457 1793 dominus,
482 1715 542 1782 sub
566 1738 629 1804 quo
653 1715 782 1804 degent,
806 1739 869 1782 non
893 1725 1020 1784 tenetur
1043 1717 1175 1784 eosdem
1199 1718 1309 1786 defen·

59 1845 150 1906 sare,
175 1820 234 1886 sed
256 1822 378 1908 petenti
395 1820 557 1907 justitiam
580 1842 653 1888 cum
677 1820 799 1888 eisdem
823 1821 984 1887 tenebitur
1007 1824 1199 1907 ministrare,
1223 1824 1312 1890 utds

59 1927 234 1991 communi
254 1923 508 1991 molendinatore
532 1925 628 1990 etiam
652 1925 685 1990 in
697 1924 798 1990 Libro
810 1924 972 1992 Terrestri
995 1929 1211 2015 superiusest
1234 1951 1306 2015 pro·

63 2032 188 2098 visum

155 2133 301 2200 XXVII.
334 2133 535 2222 Frequenter
558 2132 640 2198 solet
668 2135 809 2217 evenire,
842 2134 929 2222 quod
953 2133 1076 2200 nobiles
1100 2136 1170 2202 sive
1193 2135 1311 2223 plebei,

62 2239 212 2324 borram,
225 2237 350 2324 silvam,
364 2247 419 2304 aut
430 2239 552 2326 gajum,
566 2235 686 2304 dietum
700 2239 868 2324 chustlre,
891 2239 1135 2326 cujuscumque,
1162 2262 1203 2306 ex
1223 2239 1314 2306 indu·

60 2347 145 2409 stria
156 2344 322 2424 intrantes,
346 2352 491 2408 autcasu
513 2344 583 2408 sive
606 2343 791 2429 arvopyvi0,
816 2340 994 2430 vulgariter
1004 2347 1164 2430 peiorem,
1182 2365 1313 2409 succen-

59 2446 184 2529 derint,
208 2455 240 2514 et
264 2447 305 2512 ob
328 2445 390 2512 hoc
411 2468 471 2533 per
493 2445 658 2512 dominum
680 2443 777 2510 villae
801 2445 919 2512 fuerint
941 2446 1115 2533 inculpati:
1139 2447 1219 2512 talos
1242 2469 1308 2514 non

60 2552 131 2617 alio
150 2553 238 2640 jure,
269 2552 332 2616 nisi
356 2549 515 2638 polonico,
546 2559 711 2636 tamquam
742 2549 932 2618 incendiarii
955 2550 1076 2616 debent
1093 2549 1256 2637 judicari3
1291 2571 1309 2614 o

61 2655 145 2721 licet
169 2653 282 2720 bononi
311 2655 454 2742 ipsorum
480 2676 539 2742 per
561 2654 623 2720 hoc
653 2655 783 2718 minime
806 2652 988 2740 derogetur,
1012 2653 1218 2722 nihilominus
1236 2655 1313 2741 Jure

62 2761 220 2842 convicti,
244 2760 271 2826 si
284 2759 382 2826 fuerit
399 2759 509 2826 kmeto
530 2769 561 2824 et
580 2781 644 2824 non
656 2757 805 2826 habuerit
823 2759 907 2826 unde
923 2756 1037 2836 solvat,
1059 2758 1195 2826 redimat
1212 2760 1313 2824 vitam

62 2863 184 2932 decem
204 2863 332 2946 marcis,
355 2865 438 2928 sicut
461 2885 518 2950 pro
541 2864 645 2950 capite
667 2862 775 2950 plebei
797 2861 866 2928 dari
890 2873 940 2930 est
961 2872 1160 2930 consuetum.

157 2966 314 3033 XXVIII.
348 2966 531 3034 Nonnullae
553 2965 777 3053 displicentiae
800 2967 870 3034 sive
893 2969 1133 3034 controversiae
1156 2966 1240 3032 inter
1254 2988 1308 3032 no·

64 3071 152 3138 biles
175 3079 303 3136 nostros
326 3073 359 3136 in
382 3071 609 3137 venationibus
648 3071 794 3136 oriuntur
824 3093 872 3153 eo,
904 3071 993 3158 quod
1015 3070 1114 3158 aliqui
1139 3071 1222 3136 feras
1246 3069 1313 3156 agi·

63 3185 153 3240 tatas
183 3197 242 3262 per
264 3197 360 3242 canes
382 3177 527 3262 recipere
550 3197 616 3241 non
638 3184 800 3241 verentur.
845 3173 942 3242 Unde
965 3177 993 3240 si
1015 3174 1132 3262 aliquis
1155 3174 1314 3260 deinceps

62 3303 201 3346 cervum
213 3329 222 3363 ,
256 3301 413 3365 onagrum
446 3279 498 3346 vel
533 3303 647 3366 aprum
680 3303 738 3367 per
772 3301 868 3346 canes
899 3278 1031 3348 alterius
1068 3281 1225 3366 agitatum
1259 3276 1312 3342 vel

61 3393 208 3471 captum,
243 3385 277 3448 vi
299 3383 352 3449 vel
375 3383 498 3451 occulte
521 3393 595 3450 ente
618 3408 714 3450 canes
737 3384 860 3450 alienos
882 3387 1043 3471 reeeperit
1072 3394 1127 3450 aut
1157 3383 1311 3470 rapuerit,

64 3487 124 3554 vel
148 3510 206 3575 pro
229 3508 264 3553 se
286 3487 402 3553 tollens
425 3491 649 3575 usurpaverit:
673 3487 746 3553 talis
769 3511 928 3576 usurpans
955 3511 1014 3576 pro
1038 3488 1149 3554 ferinis
1173 3509 1231 3551 sen
1254 3505 1312 3572 pro

64 3590 233 3674 carnibus,
255 3591 314 3674 illi,
337 3593 387 3657 oui
411 3591 484 3658 talis
507 3594 627 3679 injuria
647 3593 734 3658 facta
756 3601 814 3677 est,
838 3592 965 3658 solvere
989 3595 1030 3658 sit
1052 3591 1233 3659 adstrictus.

156 3695 283 3762 XXIX.
317 3696 400 3761 Cum
422 3706 529 3762 autem
552 3696 679 3784 lepores
703 3705 857 3762 venantes
871 3696 975 3763 solent
998 3697 1193 3785 pauperibus
1216 3698 1307 3763 nebi-

64 3801 155 3866 libus
178 3801 304 3864 infinita
326 3801 526 3866 committere
549 3809 743 3867 nocumenta
765 3811 862 3888 atque
888 3800 1014 3884 damna,
1041 3799 1126 3866 bona
1147 3823 1258 3868 eorum
1278 3812 1310 3867 et

64 3906 180 3988 fruges
197 3903 433 3969 conculcando:
457 3914 628 3991 eapropter
651 3905 869 3992 probibemus,
891 3904 979 3992 quod
1002 3929 1021 3971 a
1044 3906 1125 3971 festo
1149 3905 1191 3971 S²¹
1207 3904 1308 3972 Adel·

64 4008 153 4074 berti
186 4029 290 4094 usque
323 4008 365 4074 ad
400 4010 684 4093 congregationem
718 4011 862 4074 omnium
893 4008 1022 4094 frugum
1059 4007 1245 4074 biemaIIum
1275 4019 1307 4075 et

62 4109 270 4178 aestivalium
292 4111 333 4177 do
345 4112 466 4198 campis
489 4114 521 4176 in
535 4112 666 4178 domum
677 4114 879 4198 conductam,
892 4115 923 4178 in
937 4115 1027 4180 bonis
1043 4112 1174 4179 alterius
1186 4113 1310 4200 absque

64 4216 234 4281 voluntate
248 4215 393 4302 ejusdem
415 4218 527 4282 venari
540 4239 633 4282 nomo
646 4227 830 4304 praesumat
838 4242 846 4304 3
867 4219 946 4284 elias
959 4217 1110 4284 damnum
1122 4240 1217 4304 passo
1242 4227 1308 4282 tres

66 4341 196 4386 mareas
220 4342 277 4407 pro
302 4343 406 4407 poena
429 4342 464 4386 se
487 4323 615 4388 noverit
637 4323 851 4388 incursurum.

158 4423 269 4492 XXX.
303 4424 342 4489 In
370 4423 442 4512 lege
475 4427 637 4514 imperiali
668 4429 859 4505 continetur,
891 4427 979 4514 quod
1009 4428 1096 4492 servi
1125 4425 1243 4491 illiberi
1275 4434 1307 4490 ot

69 4525 209 4593 ancillae
232 4550 295 4592 non
320 4529 445 4614 possint
468 4551 529 4594 nee
550 4529 680 4596 valeant
703 4531 744 4596 de
767 4532 916 4620 manibus
948 4532 1151 4597 dominorum
1174 4552 1307 4595 suorum

68 4631 212 4715 libcrari,
242 4633 306 4697 nisi
339 4655 398 4719 per
428 4633 558 4700 eosdem
582 4635 701 4702 fuerint
724 4636 911 4704 manumissi
935 4647 967 4702 et
989 4636 1128 4701 libertati
1151 4634 1299 4700 restituti.

1041 4723 1108 4798 75*
