3082 5128
460 479 586 535 xxxm.
607 481 715 534 Statuta
731 483 899 538 Wislicensia
916 485 937 538 1.
1239 475 1313 550 553

59 661 222 731 Eundem
232 663 406 733 Nicolaum
419 668 549 736 fratrem
558 670 720 757 juniorem
728 672 883 759 praedicti
896 673 1047 742 Falconis
1056 696 1120 742 non
1129 699 1200 776 esse
1216 675 1309 744 audi·

59 769 202 855 endum,
214 779 247 836 et
271 773 464 838 senteutiam
472 773 593 862 judicis
617 775 754 843 dicimus
766 779 954 846 nausivisse
962 780 995 845 in
1018 801 1087 846 rem
1103 781 1310 868 judicatam]

292 913 343 978 De
357 912 524 1001 fratribue
544 937 642 981 unum
662 917 875 984 molendinum
898 917 1091 985 habentibus.

157 1042 211 1108 54.
245 1043 372 1125 Petrus,
401 1043 567 1112 Jobannes
591 1054 624 1113 et
633 1047 786 1132 Jacobus,
809 1048 923 1116 iratres
945 1059 1021 1134 tres,
1037 1048 1191 1117 habentes
1214 1072 1310 1118 unum

61 1143 371 1227 molendinatorem,
393 1150 536 1217 Jacobus
554 1153 667 1218 tertius
692 1175 788 1241 super
810 1152 1003 1242 quibusdam
1025 1155 1127 1244 ipsius
1150 1154 1311 1221 molendi·
1381 1220 1386 1230 ,

63 1254 196 1318 natoris
213 1249 327 1342 culpis,
350 1276 460 1320 coram
471 1254 584 1342 judice
599 1255 752 1344 deputato
765 1257 818 1324 vel
834 1257 946 1342 electo,
963 1257 1072 1326 debito
1081 1245 1182 1324 ¹modo
1205 1261 1310 1347 ipsum

61 1355 358 1424 molendinatorem
383 1357 531 1449 J'udicare
560 1369 592 1426 et
614 1358 828 1428 condemnare
850 1363 1030 1450 praecepit;
1066 1363 1195 1430 demum
1230 1361 1311 1429 alter

61 1458 170 1528 frater
192 1461 359 1530 Johannes
382 1464 528 1550 veniens,
552 1469 758 1552 conqueritur
781 1466 821 1534 dc
833 1467 943 1551 Petro,
965 1466 1051 1555 quod
1074 1468 1174 1554 ipsius
1186 1465 1305 1535 molen-

64 1563 250 1633 dinatorem
281 1567 460 1656 judicasset
494 1577 526 1636 et
559 1570 812 1639 condemnasset.
858 1571 925 1638 Nos
957 1571 1068 1660 itaque
1096 1569 1307 1656 ostendentes,

61 1670 256 1757 quodlicet
286 1670 419 1738 cuilibet
440 1671 481 1738 de
510 1673 581 1761 jure
612 1697 702 1741 sunm
731 1675 882 1763 injuriam
912 1676 1075 1764 prosequi,
1097 1672 1308 1759 declaramus,

59 1775 269 1860 praedictum
292 1776 452 1843 Jacobum
469 1777 558 1866 juste
581 1787 613 1844 et
635 1777 743 1846 debite
760 1779 935 1869 judicasse.

252 1917 303 1983 De
326 1917 447 1983 relictis
468 1917 626 2002 honorum,
648 1919 734 1983 oliae
755 1941 933 2006 oprueeyno
952 1919 1132 1986 brantonia.

154 2049 207 2114 55.
243 2047 390 2115 Abusina
421 2049 650 2146 consuetudine
684 2051 828 2116 noscitur
860 2071 932 2117 esse
961 2049 1176 2133 observatum,
1210 2049 1306 2137 quod,

63 2174 141 2217 eum
165 2151 264 2238 aliqui
286 2152 613 2242 kmetbonesnbsque
626 2153 716 2241 prole
739 2153 854 2220 dehac
875 2153 948 2220 lnce
971 2153 1306 2241 decedunt,·ipsorum

59 2257 174 2322 omnia
213 2255 300 2324 bona
329 2256 462 2324 mobilia
494 2267 526 2326 et
557 2258 751 2340 immobilia,
793 2256 921 2344 vulgari
948 2280 1113 2346 peueryna
1125 2306 1135 2338 ,
1175 2257 1297 2325 domini

59 2363 207 2448 ipsorum
240 2371 476 2430 consueverunt
519 2383 688 2450 occupare.
740 2361 836 2429 Unde
871 2383 929 2429 nos
985 2360 1119 2428 eandem
1164 2385 1298 2431 consue·

59 2465 210 2531 tudinem
224 2465 443 2554 reprobantes,
458 2468 643 2534 statuimus:
668 2466 763 2551 Quod
781 2487 839 2554 pro
847 2465 941 2532 bonis
953 2465 1128 2532 eorundem
1140 2467 1296 2534 deceden-

59 2571 155 2651 tium‚
187 2571 214 2634 ei
250 2579 372 2637 tantum
395 2573 582 2660 reperiatur,
613 2571 699 2638 calix
720 2593 778 2660 pro
793 2591 903 2637 marce
925 2591 997 2636 cum
1020 2569 1126 2636 medie
1141 2571 1297 2638 ecclesiae

59 2673 191 2740 dandus
215 2673 391 2762 parochiali
422 2683 454 2740 et
475 2698 534 2764 pro
553 2676 666 2743 eodem
698 2682 926 2762 competenter,
960 2671 1087 2761 reliqua
1109 2697 1188 2741 vero
1218 2674 1304 2740 bone

56 2779 102 2845 ad
127 2780 294 2867 proximos
328 2781 585 2869 consanguineos
607 2781 659 2848 vel
683 2779 807 2866 affines,
828 2777 970 2869 gcedente
991 2776 1137 2864 quolibet
1170 2773 1303 2863 impedi-

57 2893 181 2968 mento,
207 2882 430 2951 devolvantur.

280 3025 329 3090 m
351 3024 602 3092 Menoeten
624 3027 696 3111 eqni
718 3024 767 3090 vo
789 3023 926 3090 ornem
939 3023 1087 3111 junone.
1139 2979 1142 2986 ’

146 3155 200 3222 56.
234 3155 401 3222 Johenues
431 3154 582 3244 deposuit
610 3153 772 3243 querelam
797 3155 837 3220 de
860 3155 991 3239 Mathia,
1025 3151 1114 3241 quod
1142 3149 1203 3216 eibi
1226 3148 1302 3216 licet

55 3283 179 3348 equum
212 3283 327 3327 sanum
356 3259 631 3329 accommodasset
659 3259 701 3326 ad
723 3268 844 3327 certam
867 3261 965 3344 viam,
998 3265 1160 3344 tamqnam
1186 3253 1299 3337 amieo,

55 3373 169 3430 tumen
202 3364 288 3430 idem
310 3363 449 3432 Mathias
480 3363 619 3431 eundem
646 3387 763 3452 equum
794 3363 856 3431 sibi
885 3362 1024 3430 restituit
1056 3359 1299 3428 claudicantem.

54 3468 201 3534 Mathias
224 3491 303 3535 vero
327 3469 501 3556 respondit,
535 3467 706 3535 bonafide
729 3491 846 3555 equum
868 3465 1005 3534 eundem
1036 3475 1198 3552 tamquam
1221 3484 1299 3550 pro-

55 3573 165 3659 prium
189 3595 224 3638 se
247 3573 409 3659 equitasse
431 3583 465 3639 et
486 3595 651 3656 semesam
674 3595 734 3637 nee
757 3573 863 3656 sciret,
886 3569 971 3637 unde
993 3567 1067 3636 tulis
1090 3568 1216 3635 laesura
1238 3586 1298 3630 ve-

55 3679 151 3741 niret.
185 3675 253 3742 Nos
277 3699 355 3763 ergo
378 3676 576 3743 declaramus
599 3679 633 3743 in
660 3675 717 3742 tali
734 3695 828 3742 casn:
850 3673 1056 3741 Praedictum
1079 3694 1197 3759 equum
1212 3669 1298 3736 infra

53 3781 138 3847 dues
171 3781 367 3868 septimanus
389 3781 496 3867 quiete
519 3789 550 3846 et
571 3781 693 3868 absque
715 3779 823 3867 aliquo
846 3778 956 3846 labore
982 3776 1202 3866 pereundum
1225 3772 1296 3837 Ma·

55 3885 158 3951 thiam
188 3883 442 3970 observandum;
476 3885 531 3972 qui
558 3905 668 3972 equus,
700 3885 727 3949 si
748 3883 833 3950 inira
862 3881 1060 3970 praedictum
1083 3889 1209 3966 tempus
1231 3899 1295 3943 nou

57 3988 272 4075 convaluerit,
303 3997 423 4056 extunc
444 4011 503 4078 pro
526 3987 639 4054 eodem
662 4008 756 4076 equo,
780 3997 874 4076 prout
900 3987 1025 4075 poterit,
1049 4005 1156 4052 seeum
1179 3982 1296 4048 amice·

53 4095 166 4162 biliter
191 4116 384 4183 componere
406 4102 561 4160 tenentur.

281 4252 330 4316 De
351 4251 510 4316 bercthuno
532 4251 588 4338 qni
611 4247 726 4314 occidit
748 4247 849 4312 aliurn
869 4247 1067 4313 lemethoncm.

141 4383 195 4449 st.
216 4381 310 4448 Licet
320 4382 495 4468 antiquitus
506 4379 602 4446 luerit
616 4378 832 4462 observatum,
844 4376 929 4464 quod
941 4373 1074 4442 lrmetho
1086 4369 1293 4439 lrmethonem

53 4487 242 4573 occidendo,
266 4484 379 4553 solutis
401 4485 505 4553 tribus
527 4486 644 4552 marcis
666 4501 851 4570 grossorum
874 4504 895 4546 a
915 4501 1020 4568 poene
1032 4475 1199 4544 homicidii
1214 4472 1293 4540 libe-

52 4596 196 4676 rabatur,
219 4601 326 4658 tamon
350 4592 425 4679 quia
444 4588 627 4678 hujusmodi
649 4610 761 4675 poena·
776 4608 840 4651 non
863 4584 1043 4650 sufficiebat
1073 4579 1115 4646 ad
1150 4577 1291 4644 debitum

104 4717 176 4770 Slov.
194 4715 312 4782 Ztkony.
1035 4673 1086 4746 70
