3082 5128
443 422 566 482 xxxw.
585 425 691 480 suurn
708 427 879 482 Wislioensia
896 427 931 482 11.
1234 418 1308 491 583

53 628 96 692 in
119 625 256 692 Christo
278 633 369 713 patre
403 622 533 690 domino
556 621 707 709 episcopo
731 617 940 686 Oraooviensi
975 620 1029 686 vel
1058 620 1207 708 palatinis
1232 621 1309 690 Ora.

52 733 210 796 curiensi
234 741 290 795 aut
312 727 565 795 Sandomiriensi
588 723 827 812 protestabitur,
852 724 940 812 quod
958 747 1017 791 nos
1040 735 1096 792 sut
1117 735 1228 792 noster
1255 750 1308 794 ca·

53 841 214 924 pitaneus
237 838 342 924 ipsum
365 832 408 900 ad
422 830 666 918 expurgandum
687 830 858 898 admittere
880 829 1050 898 noluimus.
1074 831 1116 896 Et
1134 831 1208 897 talis
1221 832 1309 920 pala·

52 945 150 1008 tinus
179 951 290 1008 noster
316 938 403 1006 illius
425 947 541 1021 terrae,
564 935 702 1024 profugo
725 945 854 1021 treugas
884 934 1021 1004 duorum
1047 938 1207 1003 mensium
1231 937 1308 1004 dare

53 1047 195 1133 poterit,
220 1055 251 1110 et
263 1046 368 1132 ipsum
390 1043 562 1131 profugruu
585 1063 733 1123 servars;
757 1039 840 1106 infra
857 1041 943 1128 quod
966 1050 1092 1130 tempus
1114 1041 1200 1108 idem
1222 1041 1308 1129 pela-

54 1153 150 1216 tinus
174 1149 261 1238 apud
283 1173 343 1215 nos
366 1147 418 1214 vel
437 1157 564 1214 nostros
599 1167 801 1212 successores
825 1144 929 1210 eidem
957 1146 1094 1234 profugo
1117 1148 1254 1232 gratiam
1278 1157 1310 1212 et

54 1255 210 1320 favorem
233 1263 377 1341 quaerat,
408 1261 444 1318 ut
465 1252 572 1340 ipsum
595 1249 812 1337 adjustitiam
835 1249 1049 1318 admittamus.
1085 1251 1150 1332 Qui
1172 1252 1199 1316 si
1222 1251 1308 1338 pela-

54 1363 151 1425 tinus
175 1359 341 1447 praedicta
363 1379 427 1424 non
439 1357 557 1444 poterit
579 1354 735 1438 obtinere,
759 1356 844 1442 quod
858 1355 995 1422 eundem
1007 1355 1048 1422 ad
1061 1355 1308 1444 expurgandum

55 1487 154 1530 enam
180 1465 395 1530 innocentiam
418 1461 588 1528 admittere
613 1483 676 1525 non
698 1458 872 1526 vellemus:
904 1469 1024 1527 extunc
1047 1460 1208 1550 palatinus
1231 1483 1307 1526 cun·

56 1571 139 1634 dem
164 1567 338 1655 profugum
360 1567 527 1632 admetus
558 1575 663 1630 terrae
686 1585 763 1631 suae
786 1564 968 1631 conducere
998 1575 1156 1632 teneatur.
1202 1565 1266 1646 Qui
1288 1591 1309 1632 a

56 1685 211 1761 tempore
235 1670 412 1737 conductus
440 1669 585 1757 palatini,
617 1669 701 1736 iufra
721 1693 852 1753 annum,
887 1679 1003 1754 terras,
1040 1693 1139 1758 regno
1163 1680 1196 1738 et
1216 1672 1306 1738 terri·

57 1779 157 1863 genis
176 1785 371 1841 nocumenta
391 1773 511 1841 inferre
535 1795 598 1840 non
621 1772 763 1858 debebit,
787 1797 890 1842 uxore
913 1797 971 1840 sua
994 1775 1144 1842 inbonis
1169 1777 1237 1842 suis
1252 1798 1307 1863 pa·

58 1883 159 1946 cilice
181 1880 268 1945 iufra
290 1903 411 1946 annum
432 1878 632 1966 praedictum
655 1878 789 1944 dimissa
812 1889 844 1944 et
866 1879 982 1966 quiete.
1029 1879 1101 1960 Quo
1125 1902 1209 1946 anno
1233 1903 1304 1946 evo·

59 1986 142 2070 luto,
167 1983 347 2070 infraquod
371 1981 520 2072 [tempus]
537 1983 674 2068 gratiam
686 1993 828 2050 nostram
852 2005 979 2070 semper
999 2005 1155 2071 quaerere
1178 1983 1306 2062 debeat,

58 2101 95 2154 et
125 2091 154 2154 si
183 2091 287 2176 ipsam
318 2088 466 2154 invenire
496 2109 561 2152 non
590 2089 717 2175 poterit,
752 2099 784 2154 et
813 2089 978 2176 praefatus
1008 2089 1164 2177 profugus
1199 2089 1308 2178 aliquo

58 2203 259 2259 nocumenta
280 2215 380 2278 regno
402 2189 456 2257 vel
479 2193 649 2277 terrigenis
672 2191 824 2277 intulerit,
852 2201 983 2280 propter
1005 2193 1067 2258 hoo
1088 2193 1218 2260 infamis
1242 2217 1305 2259 non

59 2297 163 2362 debet
184 2297 344 2384 reputari3
367 2319 428 2361 uec
451 2298 555 2384 ipsum
578 2307 707 2384 captum
731 2319 788 2384 per
810 2298 990 2383 terrigenas
1007 2297 1196 2364 admortem
1213 2297 1306 2363 nobie

59 2401 115 2466 vel
140 2411 251 2466 nostro
285 2402 453 2488 capitaneo
485 2399 562 2466 dare
585 2401 789 2485 tenebuntur,
824 2424 884 2468 neo
906 2412 1038 2492 propter
1067 2403 1129 2468 boo
1157 2403 1305 2488 indigua·

57 2507 185 2570 tionem
212 2504 265 2571 vel
297 2506 452 2570 offensem
483 2514 626 2572 nostram
649 2505 813 2573 incurrant
842 2508 1022 2593 terrigenae
1056 2507 1224 2594 praedicti.
1269 2507 1305 2572 Si

58 2631 144 2676 vero
166 2608 327 2676 malitiose
350 2620 383 2675 et
404 2608 527 2698 absque
550 2608 647 2697 culpa
668 2611 808 2698 aliquem
837 2610 949 2697 fugere
971 2611 1155 2698 contigerit,
1188 2620 1221 2676 et
1237 2611 1306 2698 juri

58 2737 179 2802 parere
195 2714 343 2798 nolucrit,
367 2725 398 2780 et
410 2714 564 2800 fugiendo
586 2725 780 2782 nocumenta
800 2739 901 2804 regno
913 2727 947 2781 et
956 2717 1128 2802 terrigenis
1145 2714 1304 2782 intulerit:

61 2823 153 2886 bona
174 2821 265 2906 ipsus
287 2819 474 2904 immobilia,
498 2830 625 2908 praeter
645 2819 825 2887 dotalitium
855 2823 975 2900 uxoris,
1006 2841 1153 2888 camerae
1175 2831 1305 2887 nostrae

57 2934 221 3012 perpetue
243 2924 453 3012 applicentur,
485 2923 618 2991 mobilia
647 2947 723 2992 voro
752 2928 837 2992 inter
867 2949 925 2992 nos
955 2935 987 2992 et
1009 2925 1147 2992 barones
1177 2935 1305 2991 nostros

56 3053 121 3116 per
151 3030 293 3097 medium
323 3029 519 3096 dividantur.
564 3029 657 3096 Etsi
681 3039 794 3119 captus
828 3031 924 3098 fuerit
952 3051 1011 3118 per
1040 3030 1234 3118 quempiam,
1272 3032 1305 3095 in

57 3136 170 3219 gratia
191 3145 301 3200 nostra
323 3136 486 3220 consistat,
520 3157 581 3200 nec
603 3147 734 3222 propter
756 3137 975 3224 captivitatem
999 3136 1068 3223 ejus
1103 3159 1160 3222 per
1182 3137 1303 3201 amicos

59 3239 162 3304 debet
185 3237 294 3326 aliqua
315 3239 494 3324 indignatio
517 3240 569 3306 vel
592 3241 760 3308 inimicitia
781 3240 909 3307 occulta
930 3241 981 3307 vel
1004 3241 1175 3309 manifesta
1208 3239 1303 3306 subo·

59 3345 128 3408 riri.
176 3343 268 3408 Uxor
298 3365 376 3410 vero
406 3365 464 3412 sua
494 3347 527 3411 in
557 3344 702 3412 dotalitio
731 3347 921 3428 remanebit,
954 3356 1050 3432 prout
1080 3347 1227 3434 superius
1253 3353 1303 3411 est

59 3458 218 3526 notatum,
242 3446 294 3513 vel
316 3451 422 3536 ipsum
445 3449 586 3516 vendere
609 3449 745 3517 liberam
767 3449 886 3516 habeat
903 3449 1112 3539 facultatem.)

150 3553 203 3619 36.
238 3555 410 3620 Praeterea
432 3552 625 3622 declarando
639 3556 827 3622 statuimus:
850 3553 946 3636 Quod
976 3556 1045 3620 sive
1075 3579 1095 3620 a
1117 3553 1210 3620 nobis
1233 3555 1303 3620 sive

59 3684 80 3725 a
102 3680 308 3746 quocumque
329 3657 392 3723 alio
416 3658 544 3725 domino
569 3659 660 3724 nobis
682 3659 827 3747 subjecto
841 3657 971 3724 lametho
984 3668 1127 3746 tempore
1144 3667 1303 3724 nocturno

60 3765 233 3828 recesserit
257 3763 403 3848 fugitive,
438 3785 499 3844 rea,
523 3785 603 3850 quas
634 3765 668 3830 in
697 3763 792 3831 domo
815 3763 936 3829 dimisit
958 3762 1120 3850 fugiendo,
1155 3762 1303 3830 dominus

61 3868 164 3934 villae
186 3889 244 3954 pro
268 3891 303 3933 ee
326 3877 518 3957 potestatem
529 3867 647 3933 habeat
667 3868 845 3952 retinendi3
870 3878 902 3933 et
923 3870 1053 3956 insuper
1076 3867 1303 3954 dominus,qui

59 3975 150 4038 hunc
184 3971 390 4038 kmcthonem
420 3973 637 4060 acceptaverit
665 3971 852 4058 fugientem,
877 3973 978 4058 priori
1007 3971 1148 4058 domino,
1181 3994 1202 4036 s
1237 3993 1301 4058 quo

60 4078 163 4162 fugit,
204 4099 340 4165 poenam
375 4099 457 4166 quae
487 4077 763 4163 paoeanudzesera
796 4076 928 4159 dicitur,
971 4075 1098 4144 solvere
1137 4085 1301 4158 teneatur3

61 4180 270 4248 kmetbonem
289 4169 486 4247 restituendo
508 4181 622 4265 eidem,
642 4202 714 4246 oum
735 4180 831 4248 rebus
851 4179 1009 4265 omnibus,
1030 4204 1109 4269 quas
1131 4179 1248 4247 adtulit
1261 4180 1303 4246 ad

64 4286 212 4352 eundem.
232 4285 276 4351 Et
294 4287 354 4353 boc
373 4286 429 4351 ubi
444 4284 533 4352 nulla
551 4285 646 4373 culpa
656 4285 870 4372 praecedente
886 4286 1016 4370 domini,
1036 4284 1205 4374 dequibus
1219 4285 1304 4350 iufra

64 4391 280 4477 subjungitur,
289 4390 458 4478 fugeritsb
470 4390 593 4458 eodem.
608 4389 732 4477 Oulpae
743 4395 830 4473 vero,
841 4400 972 4479 propter
983 4403 1095 4479 quasa
1106 4390 1234 4456 domino
1244 4411 1302 4456 suo

64 4497 177 4582 fugere
194 4493 361 4560 kmcthoni
383 4493 507 4560 licitum
529 4496 586 4559 sit:
610 4492 717 4575 Quum
741 4495 889 4560 dominus
903 4505 1034 4582 propter
1057 4517 1150 4560 suum
1173 4516 1300 4560 excom·

63 4599 244 4668 munientur
274 4598 427 4666 delictum
457 4609 489 4665 et
524 4599 566 4664 ob
589 4598 650 4665 hoc
672 4597 863 4666 kmethcnes
890 4601 1057 4686 privantur
1084 4600 1303 4668 ecclesiastiea
