3082 5128
568 1280 834 1367 XXXIV.

394 1489 610 1595 Statuta
642 1449 1001 1596 Wislioensiu.

673 1735 720 1814 IL

164 1943 205 2008 In
227 1943 357 2009 nomine
378 1941 522 2028 Domini,
556 1965 660 2012 amen.
707 1943 824 2026 Quum,
859 1945 1018 2030 seriptum
1040 1953 1186 2031 testante,
1210 1947 1312 2012 omnis

74 2055 168 2113 oetss
199 2047 240 2112 eb
263 2047 481 2113 odolescentia
511 2048 553 2112 sit
581 2048 713 2134 pronior
743 2047 785 2113 sd
813 2048 942 2132 mslum,
977 2057 1009 2114 et
1031 2053 1134 2116 omnis
1167 2061 1314 2117 ereatura

74 2153 233 2217 consistat
263 2153 324 2217 sub
355 2152 442 2235 vitio,
477 2161 508 2218 et
530 2161 645 2219 nutura
676 2153 816 2220 humens
844 2153 938 2220 facile
970 2152 1095 2220 labatur
1124 2152 1166 2221 sd
1188 2154 1314 2238 delicte,

73 2258 223 2343 vitisque
247 2259 343 2322 etism
367 2258 518 2342 imitetur,
543 2259 691 2344 quumvis
715 2257 855 2323 Domino
878 2257 1078 2345 disponente,
1110 2258 1173 2323 sibi
1194 2257 1315 2324 subditi

74 2360 235 2427 deberent
252 2362 321 2427 iore
344 2362 463 2449 pudici,
494 2359 622 2450 pacifici
639 2371 671 2426 et
686 2362 833 2442 modesti,
856 2363 1011 2428 effrenate
1033 2361 1191 2448 cupiditas
1213 2383 1314 2449 qusn-

74 2465 195 2554 doque,
212 2468 276 2531 nisi
283 2468 411 2554 justitio
425 2475 559 2533 eonetus
576 2466 646 2554 ejus
663 2468 860 2554 reprimeret,
884 2465 1056 2532 oonoordia
1070 2467 1155 2531 inter
1168 2465 1313 2532 homines

74 2592 243 2657 nunquam
265 2569 365 2655 foret3
388 2580 421 2636 et
442 2572 528 2659 quis,
543 2571 670 2638 dicente
694 2571 860 2658 scripture,
885 2593 1044 2637 summum
1065 2569 1185 2636 bonum
1209 2572 1241 2635 in
1254 2569 1314 2634 hae

73 2675 145 2738 vits
167 2684 226 2756 est,
256 2674 416 2762 justitium
439 2675 545 2742 colere
575 2686 608 2741 et
629 2675 811 2763 unicuique,
845 2673 932 2761 quod
956 2696 1049 2739 suum
1073 2685 1131 2758 est,
1161 2671 1312 2748 tribuere,

74 2788 108 2842 et
132 2789 265 2866 propter
287 2779 349 2846 hoo
372 2780 521 2866 conditur
543 2779 728 2846 constitutio
752 2801 808 2845 seu
832 2787 997 2861 statutum,
1020 2789 1057 2844 ut
1069 2777 1210 2844 humone
1225 2799 1311 2843 eoer·

74 2895 189 2949 ceatur
199 2883 343 2970 uudseis,
363 2887 492 2951 etinter
505 2885 668 2973 improbos
683 2884 866 2950 innocentis
878 2884 1050 2949 securitate
1072 2882 1223 2948 laetetur:
1247 2883 1313 2946 Nos

74 2987 257 3054 Cesimirus
267 2987 331 3053 Dei
353 2990 457 3076 grstia
478 3011 538 3055 rex
561 2989 715 3055 Polonise
728 2998 788 3054 eto.
801 2989 976 3075 cupientes,
998 2998 1034 3052 ut
1056 2987 1192 3076 subjecti
1214 2987 1313 3052 nostri

72 3094 105 3158 in
118 3114 221 3178 regno
236 3103 345 3158 nostro
361 3093 527 3180 degentes,
541 3094 730 3182 praesertim
746 3095 779 3160 in
799 3103 885 3160 terra
897 3093 1061 3175 Polonise,
1085 3097 1312 3177 enJ'usonmque

72 3207 177 3263 etstus
189 3196 242 3264 rel
255 3196 447 3264 conditionis
460 3200 610 3281 existunt,
633 3199 768 3265 honeste
780 3199 900 3284 vivent,
916 3197 1051 3264 sitorum
1064 3219 1127 3261 non
1139 3195 1269 3261 leedsnt
1281 3203 1313 3258 et

66 3301 124 3388 jos
148 3303 323 3391 unicuique
352 3303 522 3386 tribuetur,
556 3301 596 3369 de
618 3301 753 3368 oonsilio
776 3299 971 3368 venerabilis
1004 3301 1037 3366 in
1061 3299 1191 3366 Christo
1212 3299 1312 3386 petris

71 3405 197 3471 domini
219 3405 371 3488 Jsroslsi,
406 3405 543 3474 Sanctae
566 3407 766 3473 Gnesnensis
801 3405 956 3472 eeclesiae
990 3405 1234 3491 archiepiscopi,
1273 3425 1311 3467 eo

71 3511 299 3599 praelatorum,
333 3510 566 3598 palatinorum,
598 3521 861 3598 caeterorumque
899 3509 1055 3576 baronum
1090 3519 1121 3572 et
1156 3505 1310 3573 nobilium

71 3625 255 3682 nostrorum
279 3616 319 3681 de
343 3625 429 3682 terre
449 3617 613 3701 Polonise,
636 3618 678 3684 sd
700 3627 888 3707 perpetuam
912 3617 960 3680 rei
983 3612 1170 3679 memorium
1194 3619 1312 3676 statute

72 3719 233 3786 edidimus
256 3719 480 3810 infrascripts3
515 3721 669 3802 volentes,
691 3731 728 3786 ut
749 3723 821 3809 ipsu
843 3729 959 3786 stetutu
981 3719 1014 3782 in
1037 3715 1204 3804 prsediots
1225 3723 1312 3778 terra

71 3823 259 3890 Polouiaes
274 3825 472 3913 quibuslibet
494 3825 716 3910 observentur,
740 3825 822 3890 siout
845 3832 987 3890 nostram
1011 3820 1311 3906 indignationemet

72 3951 194 4016 poenes
218 3938 384 3996 contentas
407 3927 527 3995 inillis
551 3930 684 4018 eupiunt
706 3930 837 3995 evitare.
861 3926 1007 4013 Requirit
1026 3926 1110 3991 enim
1122 3923 1311 4012 plerumque

72 4033 210 4101 sudeeis
243 4055 479 4122 perversorum,
509 4045 543 4099 ut
565 4058 629 4102 non
651 4035 751 4100 simus
786 4033 854 4098 sols
885 4030 1073 4097 delictorum
1095 4025 1312 4116 prohibitione

72 4139 225 4222 contenti,
249 4137 307 4205 sed
329 4161 466 4227 poensm
488 4137 749 4225 delinquentibus
773 4137 868 4202 etism
892 4137 1103 4223 imponemus.

162 4265 188 4328 1.
224 4260 395 4347 Quoniam,
427 4263 503 4328 dum
525 4259 633 4327 vultus
656 4269 766 4327 noster
786 4257 828 4324 ob
850 4257 912 4324 hiis
934 4259 1091 4346 personis,
1128 4277 1170 4320 ex
1193 4249 1311 4340 quibus

72 4375 197 4434 constet
220 4367 390 4456 judicium,
419 4364 664 4454 contempletur,
689 4365 791 4452 judex
821 4385 856 4430 se
878 4363 971 4428 offert
994 4361 1154 4450 justitiam
1176 4359 1218 4423 ed
1240 4357 1309 4421 red-

73 4471 210 4540 dendam
222 4473 462 4560 promptiorem,
475 4481 507 4535 et
518 4468 727 4536 abstinebunt
739 4491 759 4532 s
771 4467 963 4554 oslumpniis
976 4465 1156 4552 litigantes3
1175 4459 1311 4550 proinde

72 4580 257 4646 statuimus:
283 4574 378 4656 Quod
408 4585 520 4672 nostra
549 4575 640 4660 regin
669 4573 839 4661 Msjsstete
866 4583 984 4636 terrem
1015 4567 1227 4646 Celisiensem
1256 4562 1309 4630 vel

1032 4655 1100 4733 72*
