3082 5128
226 370 300 443 588
640 383 749 437 xxxv.
769 383 874 440 statua
893 381 1052 439 cananea.

226 573 266 640 de
290 597 344 642 reo
368 583 400 639 et
422 575 520 640 citato
542 573 725 660 intelligere
737 575 899 660 volumus3
924 576 981 643 sed
998 585 1090 642 actor
1112 579 1289 642 terminum
1313 574 1474 662 colloquii

224 676 385 762 generalis
408 679 503 744 aliter
523 689 734 766 transponere
756 691 907 766 nequeat,
930 683 993 745 nisi
1025 683 1163 767 primum
1195 705 1254 769 per
1284 703 1404 747 veram
1428 683 1471 745 in·

224 782 419 865 firmitatem,
433 793 466 848 et
477 785 511 846 in
522 785 668 849 terminis
684 783 935 869 particularibus
957 807 1016 871 per
1034 786 1213 872 simplicem
1229 786 1473 868 infirmitatem,

225 889 302 972 quia
324 888 429 972 major
452 896 501 952 est
523 889 727 952 contumacia
748 889 876 964 actoris,
900 910 996 973 quam
1019 887 1090 977 rei]

309 987 353 1056 II.
389 991 442 1055 Ad
465 990 658 1057 abolendam
684 991 871 1058 damnosam
896 993 1173 1075 consuetudinem,
1198 1015 1284 1078 quae
1305 991 1469 1057 haetenus

223 1096 307 1159 inter
339 1094 484 1160 subditos
516 1105 643 1161 nostros
675 1098 779 1161 solum
810 1119 853 1160 ex
875 1098 1038 1162 communi
1060 1119 1122 1162 usu
1145 1097 1348 1176 servabatur,
1370 1099 1464 1182 quod

222 1219 315 1281 uxor,
339 1201 453 1265 marito
476 1209 613 1281 mortuo,
635 1201 669 1264 in
693 1199 771 1264 sede
783 1199 918 1285 viduali,
934 1209 1047 1266 contra
1069 1200 1233 1286 quandam
1245 1203 1465 1265 antecessoris

222 1305 322 1367 nostri
346 1303 589 1387 institutionem,
611 1325 694 1390 quae
717 1305 830 1390 incipit
859 1303 1090 1389 „Statuimus“,
1112 1304 1151 1392 (Ι.
1180 1305 1255 1391 101)
1279 1327 1466 1371 remanens.

222 1409 330 1471 omnia
341 1407 427 1472 bona
437 1406 634 1493 possidebat,
655 1417 785 1494 propter
803 1408 890 1494 quod
904 1407 1062 1474 nonnulla
1083 1406 1170 1474 bona
1182 1409 1293 1494 pueris
1313 1408 1365 1472 vel
1390 1429 1464 1495 pro-

221 1510 412 1576 ximioribus
424 1532 482 1598 per
494 1510 763 1576 inadvertentiam
777 1533 889 1576 eorttm
908 1520 941 1576 et
962 1511 1081 1576 malam
1093 1514 1354 1599 procurationem
1369 1515 1464 1576 anni-

221 1615 406 1682 hilabantur
414 1625 446 1680 et
454 1614 699 1680 desolabantur:
714 1614 799 1679 unde
808 1614 928 1682 talibus
938 1615 1110 1702 providere
1119 1617 1296 1702 cupientes,
1306 1615 1466 1680 decetero

224 1720 414 1784 statuimus:
439 1717 536 1800 Quod
547 1741 640 1802 uxor,
664 1720 780 1783 marito
800 1729 936 1801 mortno,
950 1729 1075 1784 tantum
1089 1722 1175 1784 circa
1186 1718 1294 1784 dotem
1317 1728 1350 1784 et
1371 1719 1462 1784 dota·

220 1819 325 1888 litium
348 1833 526 1906 remaneat,
559 1821 624 1888 alia
645 1841 734 1905 vero,
757 1823 791 1886 in
821 1821 939 1908 quibus
970 1822 1077 1888 dotem
1102 1845 1159 1888 seu
1191 1823 1374 1890 dotalitium
1398 1847 1464 1888 non

220 1924 379 2008 babuerit,
403 1929 511 2012 pueris
535 1925 586 1991 vel
611 1924 868 2012 proximioribus
888 1935 1035 2006 teneatur
1056 1927 1231 2012 resignare.

306 2028 366 2094 111.
400 2029 494 2095 Licet
516 2031 611 2094 etiam
634 2030 812 2114 antiquitus
836 2051 895 2114 per
917 2039 1139 2095 antecessores
1159 2039 1296 2114 nostros,
1319 2032 1463 2116 suprain

221 2132 359 2216 quodam
373 2132 514 2220 capitulo
525 2132 658 2212 „Statori
660 2155 736 2210 ritae,
749 2133 833 2220 quod
845 2155 927 2198 naor
942 2136 1058 2198 neceto
1080 2137 1220 2198 monem
1247 2131 1286 2221 (l.
1304 2133 1379 2218 101)
1393 2145 1462 2198 erat

220 2237 437 2318 constitutum,
461 2235 548 2322 quod
572 2258 656 2301 uxor
678 2238 794 2300 marito
818 2245 953 2320 mortuo,
967 2238 1053 2302 circa
1069 2239 1178 2302 omnia
1201 2237 1457 2324 paraphernalia,

219 2339 285 2404 vid.
309 2340 342 2402 in
365 2341 501 2422 gemmis
514 2349 545 2404 et
557 2341 750 2425 margaritis,
767 2349 900 2424 argente
920 2349 956 2404 et
978 2362 1066 2422 auro,
1092 2342 1238 2404 vestibus
1262 2349 1294 2404 et
1315 2343 1460 2426 pecuniis

220 2441 417 2526 remanebat,
442 2452 551 2508 tamen
574 2445 652 2528 quia
673 2464 739 2508 non
751 2441 1008 2508 modicadamna
1030 2467 1087 2530 per
1110 2443 1172 2508 hoc
1195 2443 1459 2530 puerissolebaur

219 2547 360 2629 evenire,
384 2555 579 2634 quapropter
602 2569 644 2611 ex
667 2546 802 2612 consilio
826 2557 858 2612 et
879 2569 1013 2612 assensu
1026 2547 1241 2636 praelatorum
1261 2557 1293 2611 et
1304 2546 1461 2612 baronum

219 2659 411 2733 nostrorum,
435 2651 584 2716 ammodo
608 2652 795 2716 statuimus:
821 2651 916 2732 Quod
946 2653 1175 2734 11x01·,merito
1199 2661 1335 2732 mortno,
1359 2649 1459 2714 solum

219 2753 305 2818 circa
327 2754 573 2842 paraphernalia
584 2753 761 2820 domestica
777 2763 952 2834 remaneat,
967 2754 1128 2835 thesauro,
1151 2754 1305 2819 videlicet
1318 2755 1458 2840 pecuniis

218 2867 250 2924 et
271 2870 415 2944 argento,
439 2860 531 2944 equis
553 2861 689 2946 magnis,
713 2859 821 2939 armis,
847 2859 987 2944 equireis
1012 2859 1167 2946 exceptis,
1191 2879 1275 2944 quae
1299 2857 1456 2922 omniaad

218 2985 335 3049 pueros
359 2964 410 3028 vel
432 2963 474 3028 ad
496 2964 710 3050 proximiores
729 2966 804 3051 jure
827 2963 1051 3030 devolvantur.
1084 2963 1300 3028 Declaramus
1321 2963 1452 3048 insuper

218 3067 305 3154 quod
327 3064 400 3132 talis
423 3066 539 3134 mulier
562 3069 648 3133 circa
659 3069 767 3134 omnia
778 3089 898 3154 pecora
920 3079 952 3133 et
974 3069 1108 3155 quaevis
1126 3067 1199 3149 alia,
1224 3067 1361 3153 quaein
1384 3065 1454 3130 doto

219 3182 251 3236 et
273 3169 417 3237 dotalitio
440 3173 541 3258 ipsius
564 3171 693 3254 fuerint,
716 3195 781 3237 una
803 3194 875 3236 cum
895 3173 987 3258 cquis
999 3171 1222 3258 vectigalibus,
1246 3171 1365 3256 quibus
1387 3172 1452 3255 ipsa

217 3285 362 3364 tempore
385 3278 491 3340 mariti
515 3278 563 3341 sui
587 3276 773 3358 vehebatur,
792 3285 967 3358 remaneat,
991 3276 1129 3361 demptis
1152 3274 1296 3340 vestibus
1313 3283 1345 3338 et
1367 3275 1451 3358 equis

219 3384 338 3468 parvis,
361 3382 393 3445 in
418 3379 527 3446 valore
538 3381 634 3445 trium
647 3403 838 3464 marcarum,
856 3381 962 3446 urariti
976 3379 1131 3464 defuncti,
1144 3401 1227 3465 quae
1240 3379 1272 3443 in
1290 3377 1448 3463 aequalem

218 3495 337 3551 sortem
349 3507 406 3550 seu
418 3485 599 3570 portionem
611 3483 760 3548 dominae
773 3493 805 3550 et
815 3485 924 3571 pueris
940 3481 1055 3546 cedere
1067 3480 1234 3546 debebunt
1245 3504 1319 3546 cum
1331 3479 1445 3545 effectu.

303 3587 360 3653 IV.
395 3586 599 3674 Orphauitati
631 3609 804 3672 puerorum
834 3599 1016 3652 nostrorum
1047 3584 1251 3650 subditorum
1286 3581 1442 3649 consulere

217 3694 359 3780 gratiose
381 3692 557 3779 cupientes,
570 3692 626 3778 qui
648 3691 811 3757 interdum
832 3701 1020 3778 perpetres,
1044 3690 1123 3775 ipsis
1146 3687 1188 3753 ad
1210 3711 1312 3753 annos
1335 3685 1440 3775 puber·

217 3799 291 3862 tatis
313 3798 446 3862 minime
469 3795 624 3878 educatis,
655 3799 766 3860 mortis
797 3817 875 3858 casu
905 3793 1140 3880 relinquuntur,
1165 3801 1197 3857 et
1221 3793 1268 3857 sic
1291 3789 1439 3856 multoties

216 3927 275 3990 per
295 3900 465 3966 nonnullos
484 3903 518 3965 in
531 3900 664 3987 judiciis
676 3900 794 3964 nostris
813 3907 982 3976 vexantur,
1006 3899 1060 3984 qui
1074 3907 1180 3962 aetate
1202 3906 1234 3962 et
1257 3894 1439 3961 discretione

217 4015 375 4090 carentes,
410 4005 499 4068 litem
528 4005 701 4068 contestari
734 4013 897 4090 nequeunt
926 4023 1032 4088 neque
1062 4008 1215 4088 possunt;
1246 4011 1278 4065 et
1301 3997 1435 4086 quamvis

217 4134 315 4199 super
334 4117 440 4176 aetate
454 4108 576 4173 eisdem
599 4108 641 4171 sit
661 4108 836 4194 provisum,
859 4103 1012 4170 videlicet
1033 4103 1178 4170 maribus
1201 4103 1244 4168 ad
1260 4101 1440 4189 quindecim,

216 4213 354 4280 femellis
377 4235 454 4280 vero
466 4211 507 4276 ad
531 4210 814 4276 duodecimannos
830 4209 996 4290 inclusive,
1021 4207 1107 4294 quod
1132 4206 1215 4271 infra
1236 4206 1441 4290 hoctempore

217 4345 281 4388 non
298 4327 467 4385 teneantur
482 4313 687 4402 respondere,
700 4325 809 4380 tamma
825 4312 896 4378 aliis
915 4312 1051 4377 diversis
1068 4307 1314 4398 gravaminibus
1336 4305 1440 4373 multo·

217 4427 276 4489 ties
300 4422 533 4508 opprimuntur.
578 4420 670 4500 Quae
693 4417 943 4499 considerantes,
967 4413 1116 4480 ammodo
1138 4415 1328 4479 statuimus:
1352 4406 1441 4490 Quod

218 4533 310 4616 pater
322 4527 435 4588 vivens
458 4525 561 4610 possit
578 4532 611 4586 et
626 4519 732 4586 valeat
743 4523 851 4608 pueris
863 4520 931 4585 suis
946 4529 979 4584 et
992 4518 1098 4596 uxori,
1121 4518 1148 4582 si
1160 4519 1232 4606 ipsa
1243 4513 1441 4594 affectaverit,
