3082 5128
237 479 313 550 574
614 489 738 542 XXXIV.
756 488 862 540 Statnta
879 485 1048 538 Wialicensie
1065 487 1100 538 Π.

233 682 286 750 vel
308 682 518 749 hereditatem
541 679 715 765 obligatam
748 677 832 742 infra
852 677 986 764 triginta
1007 675 1117 742 'annos
1141 698 1205 743 non
1227 664 1393 744 redimerit
1414 701 1466 764 per

235 813 270 854 se
292 787 345 852 vel
366 808 425 874 per
439 785 695 870 consanguineos
709 805 794 866 suos,
817 781 933 869 quibus
944 781 1005 846 hoc
1025 783 1177 870 competit
1188 781 1229 848 de
1240 783 1465 849 consuetudine

235 889 386 979 speciali:
409 888 604 955 hereditates
616 875 663 954 sic
685 885 835 953 venditae
849 886 902 951 vel
914 885 1011 952 etiam
1024 885 1195 972 obligatae,
1220 887 1357 954 evolutis
1378 889 1465 954 annis

235 994 418 1084 praedictis,
440 1015 520 1081 quos
542 992 691 1058 velumus
704 1013 835 1058 currere
856 989 898 1056 ab
919 1012 1005 1056 anne
1016 989 1149 1057 Domini
1160 990 1332 1059 Millesime
1348 1001 1465 1059 trecen

233 1101 347 1166 tesimo
378 1098 624 1186 qudragesimo
655 1097 799 1184 septimo,
830 1117 850 1160 a
880 1094 1041 1160 dominica
1063 1097 1208 1176 Laetare,
1244 1118 1343 1184 penes
1372 1098 1465 1183 ipsos,

234 1204 350 1294 quibus
384 1211 458 1269 sunt
490 1200 640 1268 venditae
669 1200 724 1268 vel
757 1199 855 1266 etiam
886 1197 1059 1287 obligatae,
1097 1209 1252 1289 perpetue
1285 1210 1465 1267 remaneant

233 1314 305 1400 ipso
328 1309 424 1375 facte.

321 1416 371 1480 10.
407 1413 582 1480 statuimus
605 1413 753 1498 insuper:
785 1409 881 1492 Quod
911 1431 1027 1498 passus
1048 1410 1166 1476 damna
1194 1433 1253 1498 per
1275 1409 1394 1476 frntum
1416 1410 1464 1477 vel

232 1519 371 1610 spolium
393 1519 427 1583 in
450 1515 630 1604 pecoribus,
653 1513 831 1603 pecudibus
854 1523 887 1578 et
908 1515 943 1578 in
968 1513 1065 1580 rebus
1088 1515 1229 1598 minutis,
1252 1515 1337 1582 infra
1350 1539 1463 1582 anuum

234 1624 391 1691 evocandi
418 1613 659 1710 adjudicium,
694 1641 789 1706 quem
817 1617 965 1702 voluerit,
1001 1617 1115 1685 sedin
1138 1620 1296 1706 jumentis
1319 1631 1352 1685 et
1379 1625 1463 1709 equis

233 1729 394 1797 violenter
423 1727 476 1793 vel
507 1727 624 1791 furtive
646 1723 773 1802 ablatis,
795 1723 880 1790 iet'ra
902 1723 984 1790 duos
1006 1745 1108 1791 annos
1130 1724 1249 1791 habeat
1269 1725 1463 1805 facultatem

233 1842 415 1921 postunnos
427 1853 505 1897 vero
517 1830 728 1919 supradictos,
741 1829 782 1895 ad
796 1827 957 1916 agendum
969 1852 1034 1895 nen
1050 1829 1113 1896 nisi
1124 1829 1262 1896 testibus
1274 1831 1463 1897 admittatur.

321 1941 372 2005 11.
407 1937 545 2024 Insuper
567 1937 752 2001 statuimus:
777 1923 874 2015 Quod
894 1938 929 2001 in
951 1935 1266 2023 nestrapraesentia,
1289 1935 1342 2000 vel
1363 1957 1462 2000 ceram

233 2054 342 2110 nestro
364 2042 541 2130 capitaneo,
563 2050 621 2106 aut
642 2039 770 2127 quando
793 2039 960 2126 generales
983 2040 1110 2105 termini
1128 2049 1287 2116 tenentur,
1321 2040 1463 2128 palatinis

234 2160 265 2214 et
287 2148 461 2214 baronibus
484 2145 717 2233 praesentibus,
743 2143 849 2233 judex
865 2143 1019 2232 judicans
1041 2167 1107 2211 non
1129 2146 1231 2232 possit
1252 2143 1295 2210 de
1317 2144 1398 2211 malo
1415 2145 1462 2232 jn·

157 2303 165 2322 .
233 2253 317 2319 dicio
339 2251 500 2338 redargui,
525 2272 598 2315 eum
621 2271 684 2314 nen
707 2251 777 2336 ipse
794 2248 891 2332 solus,
915 2247 972 2314 sed
988 2247 1098 2335 plures
1116 2247 1265 2334 judicant
1277 2247 1463 2337 supradicta.

235 2357 442 2438 Adiioientes,
467 2354 553 2443 qued
576 2353 706 2441 quande
729 2376 825 2441 super
842 2353 991 2442 judicato
1014 2351 1188 2438 dubitatur,
1212 2361 1245 2418 ct
1265 2352 1308 2420 ad
1325 2353 1463 2442 judicem

235 2463 391 2549 recipitur
401 2463 539 2543 wstbeoz,
563 2458 650 2547 quod
671 2457 736 2543 ille,
760 2459 786 2522 si
802 2457 999 2541 recordatur,
1023 2454 1162 2545 qualiter
1168 2457 1342 2546 judicavit,
1364 2458 1462 2524 statim

237 2567 354 2647 dicere,
378 2562 431 2628 vel
454 2562 574 2630 diferre
597 2571 744 2629 teneatur
767 2563 814 2651 (in
838 2562 1037 2642 erastinum).

324 2669 375 2734 12.
410 2667 587 2734 Statuimus
608 2668 760 2755 insuper:
800 2667 947 2749 Quodsi
980 2666 1121 2752 litigator
1156 2667 1274 2732 dixerit
1307 2668 1341 2732 in
1363 2677 1464 2732 nostra

233 2783 479 2859 nostrorumque
491 2771 647 2838 baronum
659 2773 841 2860 praesentia
856 2770 908 2837 vel
920 2771 1077 2856 absentia,
1094 2769 1297 2859 judicantem
1319 2773 1353 2836 in
1375 2793 1464 2836 cauas

234 2901 293 2944 sua
314 2878 424 2965 inique
446 2885 478 2941 et
496 2899 665 2964 perperam
687 2877 884 2964 precessisse
908 2898 964 2941 seu
982 2876 1166 2963 judicasse:
1189 2875 1296 2963 judex
1317 2899 1374 2964 per
1396 2899 1463 2941 sues

233 2982 384 3069 collegas,
415 2981 470 3068 qui
499 3003 610 3046 seeum
634 2979 738 3046 eidem
762 2980 986 3068 praesiderunt
1003 2980 1138 3069 judicio,
1169 2979 1307 3067 probare
1330 2980 1462 3060 debebit,

233 3086 319 3174 quod
343 3085 433 3173 juste
464 3093 496 3149 et
525 3084 667 3170 legitime
693 3083 862 3172 judicavit.
906 3084 965 3152 Sin
988 3093 1095 3150 autem
1117 3107 1256 3171 arguens
1280 3087 1462 3151 sententiam

234 3213 326 3256 suam
348 3190 389 3255 de
412 3187 504 3271 falso,
528 3187 666 3274 probare
688 3188 834 3273 voluerit,
857 3191 963 3278 ipsum
980 3188 1126 3277 judicem
1147 3190 1301 3278 iniquam,
1324 3198 1362 3254 ut
1381 3211 1462 3276 prae·

232 3295 376 3377 mittitur,
400 3293 589 3359 sententiam
606 3292 794 3380 protulisse:
818 3293 852 3360 id
875 3292 1012 3380 probaro
1027 3292 1189 3359 tenebitur
1210 3316 1269 3380 per
1291 3316 1351 3360 sex
1373 3303 1462 3358 usna

233 3397 347 3464 similis
370 3397 536 3484 dignitatis
568 3406 601 3462 et
630 3407 742 3481 status,
774 3399 866 3487 eujus
896 3399 1040 3465 noscitur
1069 3397 1139 3464 lere
1156 3397 1272 3485 judex.
1319 3395 1461 3464 Ceterum

231 3502 318 3569 idem
352 3501 548 3588 redarguens
583 3503 774 3569 sententiam
800 3503 930 3590 judicis,
965 3511 1002 3568 ut
1034 3511 1083 3568 est
1114 3501 1325 3590 praedictum,
1362 3511 1462 3567 cenna

232 3609 337 3695 ipsum
360 3605 542 3672 nullatenus
564 3606 721 3691 audiatur,
757 3607 860 3674 denec
888 3607 995 3695 judici
1023 3617 1089 3672 tres
1127 3629 1252 3673 marcar
1283 3605 1336 3672 vel
1368 3605 1460 3694 pelles

233 3711 359 3777 dederit
382 3709 594 3793 mardurinas,
629 3734 708 3799 quas
732 3711 818 3777 idem
843 3710 949 3800 judex
979 3733 1037 3799 pro
1068 3735 1103 3777 se
1132 3709 1368 3777 rationabiliter
1390 3710 1460 3776 obti-

232 3815 332 3897 nebit,
363 3817 390 3880 si
421 3816 611 3880 sententiam
643 3837 732 3880 suam
766 3815 1025 3904 comprobaverit
1047 3816 1116 3882 fere
1134 3819 1265 3905 justam.
1316 3814 1459 3880 Similiter

232 3917 430 4004 redarguens
454 3921 644 3986 sententiam
667 3919 853 4008 subjudieis,
888 3929 1001 3986 contra
1022 3921 1126 4009 ipsum
1150 3944 1215 3988 non
1237 3919 1336 3986 debet
1358 3919 1460 3993 audiri,

233 4025 294 4089 nisi
317 4023 379 4091 sibi
401 4023 502 4111 pelles
533 4023 683 4111 vulpinas
706 4024 758 4091 vel
781 4036 845 4091 tres
868 4025 1009 4091 fertones
1031 4025 1200 4111 assignare
1222 4025 1394 4109 curaverit,
1414 4024 1459 4112 qui

232 4128 337 4194 eidem
360 4127 476 4194 cedent
497 4129 668 4217 subjudici,
693 4131 720 4195 si
743 4152 777 4196 se
795 4130 884 4220 juste
906 4129 1093 4217 probaverit
1109 4128 1286 4217 judicasse.
1311 4129 1353 4196 ut
1375 4129 1458 4208 idem,

232 4231 316 4320 quod
340 4231 380 4299 de
400 4231 512 4321 judice
531 4232 765 4320 praemisimus,
790 4233 831 4299 de
861 4233 1035 4300 castellano
1058 4255 1227 4300 censemus
1253 4233 1459 4300 statuendum.

230 4336 365 4404 Judices
388 4359 466 4404 vero
497 4336 754 4422 castellanorum,
778 4340 819 4425 [si
839 4339 898 4420 eis]
922 4339 1076 4427 objiciant
1097 4338 1269 4405 falsitatem
1293 4340 1461 4405 sententiae

232 4439 415 4523 eorundem,
438 4440 634 4528 respondero
650 4443 781 4509 minime
803 4451 980 4525 teneantur,
1005 4442 1108 4510 donec
1131 4444 1177 4509 eis
1207 4441 1310 4530 pelles
1332 4443 1460 4530 agninae

232 4543 351 4608 fuerint
394 4555 708 4634 praesentatae,quas
741 4570 800 4634 pro
837 4571 871 4612 se
901 4548 1046 4614 obtinere
1076 4549 1225 4636 poterint,
1257 4549 1285 4613 si
1325 4546 1461 4613 similiter

234 4665 326 4710 suum
344 4646 503 4733 judicium
526 4648 726 4716 ostenderint
748 4650 817 4718 lore
834 4653 971 4742 justum.
