3082 5128
549 351 659 421 xxxv.
678 352 784 406 setun
801 353 960 408 naama
1300 343 1372 418 591

102 541 211 608 tima
240 542 424 608 testimonia
457 565 555 628 super
586 541 754 628 hujumodi
786 545 1023 630 possessionem
1047 543 1282 630 contabuerit,
1299 557 1376 615 tune

103 646 152 710 in
183 645 248 714 tali
271 668 348 711 casu
368 647 565 733 possessoris
589 645 738 733 probatio
760 645 970 738 admittatur]

217 750 276 816 XI.
309 749 361 814 De
385 749 541 816 limitibus
563 760 673 818 autem
695 761 878 818 nostrorum
900 752 1057 820 nobilium
1080 754 1187 823 taliter
1218 757 1372 826 duximus

99 853 388 940 providendum:
412 854 508 938 Quod
531 857 559 920 si
582 857 749 941 continget
770 854 912 944 aliquem
935 857 1113 946 litigantem
1137 883 1195 949 pro
1219 861 1375 930 limitibus

102 957 249 1026 docere
272 967 305 1024 et
323 957 493 1024 ostendere
517 958 676 1046 scopulos,
702 960 805 1026 dictos
826 962 935 1048 leopos,
957 962 999 1028 sd
1022 966 1129 1032 minus
1151 975 1227 1048 tres,
1240 966 1375 1032 sutelis

103 1061 288 1130 notabilia
309 1064 411 1148 signs,
433 1071 470 1128 ut
492 1063 525 1128 in
549 1064 672 1151 campis
693 1067 824 1152 ojozdp‚
847 1066 881 1130 in
904 1065 1193 1154 silvisrerosigna
1214 1069 1373 1136 adinstar

107 1170 237 1233 crucis
251 1168 346 1248 faeta,
370 1177 406 1232 ut
428 1177 478 1234 est
498 1168 614 1232 moris:
639 1176 759 1234 extunc
782 1168 1039 1234 subcamerarius
1060 1180 1170 1238 noster
1192 1172 1292 1254 illum,
1316 1175 1372 1260 qui

113 1271 270 1338 meliora
292 1273 386 1358 signa
419 1281 451 1336 et
473 1271 668 1336 notabiliora
702 1287 760 1337 seu
783 1272 932 1362 scopulos
955 1273 1142 1358 ostenderit,
1171 1275 1370 1362 discernens,

111 1375 191 1441 sub
215 1361 314 1441 onere
337 1377 553 1442 conscientiae
576 1374 709 1441 debebit
731 1385 763 1440 et
792 1377 955 1443 tenebitur
977 1378 1146 1444 admittere
1169 1379 1210 1445 ad
1233 1380 1371 1467 proban·

113 1481 214 1548 dum.
261 1479 326 1546 Ubi
347 1490 454 1546 eutem
480 1490 616 1567 utraque
638 1501 713 1568 pars
737 1481 839 1567 signis
852 1481 1048 1548 notabilibus
1070 1485 1155 1548 inter
1176 1483 1371 1550 hereditates

114 1593 229 1670 caret,
267 1593 388 1652 extunc
410 1594 501 1650 ector
522 1583 811 1673 adprobationem
834 1582 972 1650 limitum
995 1609 1068 1654 cum
1091 1585 1237 1669 testibus,
1261 1597 1297 1656 ut
1319 1598 1370 1654 est

116 1689 169 1754 de
187 1689 277 1777 jure,
300 1689 500 1755 admittatur.

216 1793 291 1858 XII„
326 1793 381 1858 Ex
415 1791 648 1860 consuetudine
683 1801 716 1858 et
746 1801 865 1859 statuto
889 1795 1022 1882 antiquo
1056 1793 1256 1876 observatur,
1281 1797 1369 1884 quod

115 1899 273 1964 vendens
296 1895 517 1981 hereditatem,
542 1907 718 1983 emptorem
741 1919 800 1984 per
822 1905 886 1962 tres
908 1920 1011 1964 annos
1035 1909 1067 1964 et
1088 1911 1154 1966 tres
1178 1925 1305 1968 menses
1328 1900 1370 1967 ab

120 2003 254 2090 impetu
287 1999 462 2089 cujuslibet
484 1999 685 2066 intercedere
717 2010 767 2066 est
801 2003 952 2068 astrictus
975 2013 1007 2068 et
1028 2014 1164 2073 tenetur.
1205 2006 1272 2072 Sed
1295 2005 1372 2094 quia
1461 2032 1464 2038 ·

123 2105 295 2171 multoties
318 2105 487 2190 contingit,
512 2103 598 2192 qnod
622 2105 722 2172 vicini
743 2103 995 2172 illiusrenditae
1018 2107 1216 2192 hereditatis,
1230 2129 1366 2196 quorum

119 2211 246 2277 limites
270 2211 367 2274 etiam
391 2211 495 2295 ipsam
518 2217 726 2296 contangunt,
750 2207 835 2274 infra
856 2209 1018 2295 praelatos
1041 2221 1107 2276 tres
1131 2234 1235 2278 annos
1258 2222 1291 2277 et
1301 2221 1368 2278 tres

120 2336 257 2380 menses
281 2321 458 2400 emptorem
470 2335 590 2376 vexare
604 2323 813 2400 postponunt,
828 2311 932 2378 donec
950 2313 1101 2379 venditor
1122 2326 1155 2380 et
1175 2318 1371 2381 intercessor

123 2419 418 2506 praescriptionem
442 2417 682 2482 intercessionis
705 2437 771 2481 non
794 2416 920 2498 eredat,
944 2416 1257 2504 quaelspsa,primo
1280 2443 1366 2506 emp-

124 2532 235 2587 torem
258 2543 318 2608 pro
342 2519 496 2585 limitibus
509 2521 690 2606 inquietare
702 2543 767 2585 non
780 2519 963 2603 formidant,
987 2517 1063 2586 licet
1084 2521 1262 2587 venditioni
1275 2546 1365 2610 prae-

122 2634 238 2691 sentes
251 2625 453 2690 exstiterint:
478 2637 649 2710 eapropter
659 2623 809 2688 ammodo
832 2623 981 2689 volumus
1001 2633 1033 2688 et
1054 2625 1242 2691 statuimus:
1267 2625 1363 2708 Quod

123 2721 230 2817 quum
253 2729 363 2816 aliqua
390 2727 551 2793 hereditas
575 2727 711 2816 emptori
741 2749 800 2814 per
821 2725 1023 2793 venditorem
1046 2727 1237 2810 ostenditur,
1261 2730 1359 2794 vieini

121 2834 216 2900 illius
240 2833 426 2899 hereditatis
451 2853 509 2919 per
531 2843 708 2919 emptorem
732 2853 805 2897 cum
826 2831 1031 2897 ministeriali
1060 2841 1245 2908 evocentur.
1272 2833 1360 2919 quod

124 2937 176 3004 illi
202 2939 378 3004 ostensioni
400 2939 569 3020 intersint3
593 2937 649 3023 qui
673 2939 700 3002 si
722 2937 834 3001 venire
856 2935 1028 3019 noluerint,
1051 2959 1110 3022 per
1121 2936 1363 3004 ministerialem

123 3045 175 3108 sio
198 3043 315 3127 vocati,
339 3051 372 3106 et
394 3041 478 3107 inira
501 3049 565 3106 tres
589 3063 690 3106 annos
713 3049 746 3105 et
767 3050 832 3105 tres
854 3063 983 3105 menses
1005 3042 1182 3128 possessori
1207 3043 1365 3128 quaestio·

122 3170 202 3212 nem
226 3169 284 3233 pro
307 3144 464 3212 limitibus
478 3167 541 3210 non
567 3145 735 3226 moverint,
759 3153 878 3210 extunc
893 3166 1059 3232 possessor
1081 3143 1124 3211 ad
1145 3145 1368 3232 probationem

127 3273 209 3318 suae
232 3251 405 3337 emptionis
429 3269 502 3314 cum
524 3248 660 3316 testibus
683 3249 881 3314 admittetur.
1273 3235 1277 3244 ¹

215 3352 310 3419 XIII.
344 3353 387 3418 Et
409 3357 486 3441 quia
508 3353 646 3418 barones
676 3363 834 3418 terrarum
857 3362 1042 3419 nostrarum
1061 3353 1094 3418 in
1113 3353 1248 3440 judiciis
1270 3351 1367 3418 collo·

125 3461 278 3548 quiorum
302 3459 503 3544 generalium
515 3479 687 3545 personam
700 3467 843 3522 nostram
860 3466 1114 3543 repraesentant,
1128 3479 1237 3523 coram
1250 3457 1366 3543 quibus

129 3585 250 3628 causae
273 3561 486 3628 hereditariae
510 3570 542 3627 et
564 3558 647 3626 eliae
669 3561 809 3647 majores
824 3561 1032 3646 agitenturet
1044 3564 1232 3645 tractantur,
1251 3570 1283 3626 et
1296 3581 1368 3626 sen·

131 3667 251 3734 tentiae
284 3689 343 3753 per
366 3664 496 3730 eosdem
520 3662 604 3730 latae
627 3664 726 3730 robur
747 3663 895 3730 obtinent
922 3664 1091 3748 firmitatis,
1127 3666 1193 3730 acsi
1217 3666 1249 3730 in
1272 3679 1365 3751 prse-

125 3771 231 3836 sentia
251 3777 363 3835 nostra
384 3770 536 3851 ferentur,
560 3791 667 3834 eoram
691 3767 807 3856 quibus
831 3769 929 3834 etiam
951 3770 1185 3854 resignationes
1220 3777 1252 3834 et
1280 3767 1364 3833 aliae

130 3897 230 3942 ausae
253 3875 393 3960 majores
426 3872 584 3938 bonorum
608 3893 798 3957 magnorum
823 3881 1027 3959 peragantur,
1064 3894 1147 3959 quae
1177 3873 1365 3954 sententiae,

124 3979 361 4063 resignationes
395 3986 428 4041 et
460 3976 543 4042 aliae
576 3999 693 4042 causae
717 3975 854 4062 majores
886 3999 944 4063 per
976 3975 1108 4041 eosdem
1131 3975 1298 4058 diffinitae,
1334 3978 1367 4042 in

124 4081 259 4171 speciali
284 4082 365 4146 libro
390 4081 657 4146 conscribuntur:
691 4081 788 4164 unde,
812 4103 911 4166 quum
933 4080 1057 4165 majora
1078 4079 1175 4146 altius
1198 4079 1371 4166 ponderari

126 4187 245 4254 debent
275 4196 308 4252 et
341 4185 528 4271 diligentius
552 4207 591 4249 sc
612 4185 737 4250 cautius
760 4183 937 4267 observari,
959 4182 1126 4248 volumus:
1161 4182 1258 4264 Quod
1281 4206 1370 4270 prae-

125 4293 210 4357 fatus
225 4289 307 4356 liber
319 4288 471 4374 colloquii
488 4285 658 4372 generalis,
679 4287 749 4352 sire
760 4296 842 4369 acta,
867 4287 927 4353 sub
950 4286 1099 4354 clausura
1122 4286 1220 4352 trium
1231 4285 1370 4352 clavium

125 4392 276 4462 ammodo
291 4401 511 4477 conservetur,
525 4413 662 4478 quarum
673 4413 770 4456 unam
788 4391 904 4479 judex,
933 4390 1031 4458 aliam
1050 4389 1220 4476 subjudex.
1244 4392 1370 4454 tertiam

124 4521 202 4564 vero
225 4498 369 4562 notarius
394 4498 554 4562 terrestris
578 4496 718 4560 habeant
737 4503 996 4578 etconserrent3
1019 4517 1081 4560 nec
1103 4495 1201 4560 liceat
1221 4495 1277 4560 uni
1301 4494 1372 4559 sins
