3082 5128
734 1271 1012 1352 XXXIII.

503 1465 507 1472 ’
567 1478 782 1583 Statuta
818 1481 1174 1584 Wislioensia.

861 1681 890 1756 Ι.

342 1885 415 1952 Non
438 1885 534 1952 debet
564 1885 818 1974 reprehensibile
851 1909 912 1954 nec
934 1889 1050 1954 mirum
1078 1887 1230 1975 judicari,
1265 1889 1294 1952 si
1317 1888 1490 1952 secundnm

256 1999 436 2078 temporum
469 1993 658 2082 varietatem
689 1991 937 2058 consuetudines
973 2001 1005 2058 et
1030 1992 1117 2057 facta
1145 1990 1285 2057 bumana
1319 1993 1490 2069 variantur,

255 2119 327 2160 curn
350 2093 484 2161 cuilibet
515 2095 634 2184 populo
657 2118 722 2163 non
744 2097 883 2162 sufficiat
912 2098 1054 2164 virorum
1077 2096 1264 2162 fortitudine
1295 2095 1416 2183 pellere
1439 2095 1488 2160 vel

254 2221 416 2266 armorum
449 2198 689 2287 pulchritudine
712 2223 783 2266 esse
805 2211 964 2284 ornatum,
998 2202 1026 2265 si
1048 2199 1191 2266 moribus
1222 2207 1255 2265 ct
1276 2201 1404 2266 statmis
1427 2223 1487 2264 non

254 2305 296 2368 sit
318 2303 496 2370 decoratus.
531 2304 576 2368 Et
597 2303 639 2369 ob
662 2303 723 2370 boc
744 2327 803 2371 nos
816 2303 1011 2388 Kasimirus,
1035 2305 1097 2370 Dei
1120 2307 1226 2391 gratia
1246 2327 1307 2370 rex
1328 2304 1487 2386 Polonise,

254 2430 318 2473 una
339 2431 413 2474 cum
433 2407 611 2474 baronibus
633 2410 762 2492 nostris,
784 2417 864 2476 nutu
895 2419 926 2474 et
949 2407 1112 2475 voluntate
1135 2409 1211 2492 Dei,
1241 2408 1486 2489 considerantes,

254 2513 331 2600 quia
359 2513 458 2602 juxta
479 2522 658 2602 temporum
690 2513 913 2600 antiquitatem
946 2513 980 2578 in
1003 2513 1098 2579 ternis
1121 2513 1263 2579 dominio
1285 2523 1394 2579 nostro
1418 2513 1485 2578 snb-

249 2619 347 2705 jectis
369 2617 558 2706 plerumque
582 2639 698 2683 causae
721 2619 754 2684 in
772 2617 905 2706 judiciis
928 2640 993 2684 non
1005 2619 1216 2702 uniformiter,
1240 2617 1296 2684 sed
1317 2615 1485 2683 secundum
1527 2687 1528 2714 ,

253 2724 394 2809 capitum
417 2723 486 2788 sive
509 2723 688 2788 animorum
711 2723 943 2807 diversitatem,
966 2725 1115 2811 quamvis
1138 2745 1236 2810 super
1251 2744 1315 2788 uno
1336 2721 1485 2789 eteodem

253 2827 348 2910 facto,
368 2827 459 2892 vario
473 2836 506 2893 et
527 2826 744 2895 diversimode
764 2827 956 2895 deciduntur
979 2839 1012 2893 et
1033 2827 1244 2910 diffiniuntur,
1277 2828 1335 2914 (ex
1356 2850 1419 2915 qua
1436 2849 1485 2890 vs-

253 2931 367 2997 rietate
378 2933 583 3020 quaestiones
601 2953 659 2996 seu
670 2953 786 2998 causae
798 2931 987 3019 plerumque
996 2941 1070 3019 post
1091 2931 1286 3019 multiplices
1304 2934 1485 2998 vexationes
1526 2967 1527 3016 j

256 3045 424 3102 remanent
458 3035 694 3123 quodammodo
718 3033 945 3124 immortales):
981 3047 1178 3124 quapropter
1210 3034 1255 3102 sd
1287 3035 1398 3102 laudes
1424 3035 1482 3102 Dei

255 3141 482 3229 omnipotentis
517 3149 550 3206 et
581 3140 696 3207 beatae
719 3141 839 3208 Mariae
863 3142 999 3227 virginis
1028 3142 1189 3228 totiusque
1211 3142 1322 3206 curiae
1343 3140 1482 3208 coelestis

252 3253 286 3311 et
307 3244 350 3310 sd
371 3245 560 3333 profectum,
584 3243 785 3311 commodum
819 3257 851 3311 ct
872 3246 1043 3312 utilitatem
1078 3257 1259 3313 nostrorum
1281 3245 1482 3320 subditorun,

252 3349 454 3415 decrevimus
478 3349 635 3416 dictorum
653 3350 853 3440 judiciorum
876 3374 934 3416 scu
958 3374 1127 3418 causarum
1143 3351 1295 3418 decidere
1310 3359 1343 3417 et
1354 3348 1481 3416 evellere

251 3453 458 3538 varietatem
492 3452 637 3520 volentes
660 3464 692 3522 et
714 3463 900 3540 statuentes,
933 3456 1019 3544 quod
1042 3456 1195 3543 deinceps
1219 3456 1384 3544 perpetuis
1405 3465 1480 3519 tem-

252 3558 384 3648 poribus
402 3561 500 3648 juxta
522 3559 726 3648 infrascripta
748 3561 917 3626 dumtaxat
940 3571 1058 3628 statuta
1080 3583 1192 3626 omnes
1215 3573 1247 3625 et
1258 3560 1380 3648 singuli
1401 3560 1479 3648 judi—

251 3685 306 3730 ces
328 3673 485 3731 terrarum
519 3675 702 3732 nostrarum
724 3663 864 3731 debeant
887 3674 919 3731 et
940 3675 1109 3731 teneantur
1126 3664 1288 3752 judicare,
1324 3676 1357 3731 et
1379 3663 1477 3730 eadem

252 3777 373 3835 statuta
395 3769 540 3835 districte
563 3777 596 3836 et
617 3770 752 3835 firmiter
774 3768 956 3836 observare.

590 3927 641 3992 De
662 3926 937 3994 constitutionibus
959 3939 988 3993 at
1010 3929 1147 3994 statutis.

338 4060 366 4124 1.
399 4059 506 4140 Quum
521 4080 632 4125 omnes
646 4060 890 4125 constitutiones
913 4067 946 4124 et
968 4067 1088 4124 statuta
1099 4059 1205 4144 legem
1216 4057 1385 4146 imponant
1396 4056 1480 4121 rebus

251 4172 284 4229 ot
306 4163 444 4249 negotiis
466 4161 691 4250 praesentibus
714 4171 747 4229 et
769 4163 885 4229 futuris
908 4171 941 4229 et
962 4185 1027 4229 non
1054 4163 1250 4251 praeteritis,
1273 4161 1433 4244 volumus,
1455 4171 1482 4222 ut

251 4291 363 4334 omncs
385 4277 515 4334 nostrae
538 4269 790 4352 constitutiones,
821 4291 907 4334 nunc
929 4267 1034 4334 editae
1056 4269 1090 4332 in
1113 4265 1273 4355 colloquio
1295 4263 1437 4352 generali
1457 4265 1481 4326 iu

249 4371 415 4457 Wislieza,
438 4395 503 4438 non
526 4374 700 4462 respiciant
722 4375 906 4460 praeterita,
930 4373 987 4440 sed
1009 4371 1230 4439 tantummodo
1254 4371 1435 4458 praesentis
1454 4379 1479 4430 et
1521 4429 1522 4442 ἢ

250 4475 366 4542 futura.
411 4475 515 4562 Unde,
551 4477 578 4542 si
609 4479 681 4564 quis
703 4477 743 4543 sd
773 4477 928 4565 judicium
960 4480 1037 4544 citat
1066 4478 1207 4565 aliquem
1229 4497 1288 4564 pro
1315 4473 1480 4540 hereditate

252 4600 311 4674 pre
332 4581 471 4667 pecunia
492 4580 635 4666 obligata
657 4590 689 4645 et
721 4583 826 4668 ipsum
860 4581 902 4647 ad
933 4582 1088 4670 judicium
1122 4591 1245 4663 evocat,
1269 4579 1298 4644 si
1319 4589 1397 4645 tunc
1418 4597 1480 4642 rans
