3082 5128
443 441 567 496 XXXIII.
586 441 690 496 Statuta
709 443 876 500 Wislicsusis
895 447 915 501 1.
1226 435 1301 510 565

38 645 104 711 per
140 649 212 693 sex
238 633 374 710 scottos,
403 626 569 712 judicibus
599 628 844 696 castellanorum
876 653 934 719 per
962 633 1102 701 mediam
1143 657 1301 719 maroam3

39 731 198 798 cuilibet
219 734 344 798 notario
366 733 511 798 terrestri
533 731 635 820 pelles
657 732 823 822 vulpinas,
857 734 929 801 aliis
952 739 1144 823 castellanis,
1178 737 1302 806 Saudo·

41 837 212 906 midensi
234 846 266 902 et
287 834 477 903 Lublinensi
499 837 654 925 exceptis,
676 859 735 926 per
750 860 809 904 sex
826 860 960 925 marcas,
983 841 1105 929 absque
1119 843 1207 909 omui
1228 865 1301 911 con·

40 941 264 1026 tradictione,
292 950 325 1006 et
345 953 516 1029 antequam
539 941 581 1008 ad
603 942 699 1008 aliam
722 941 917 1009 audientiam
941 943 1137 1031 admittatur,
1168 947 1245 1015 dare
1267 957 1300 1015 et

40 1047 250 1116 satisfecere
271 1056 427 1114 teneatur.

208 1217 258 1281 De
272 1215 347 1301 filio
370 1215 517 1298 indioa'so,
539 1216 595 1302 qui
616 1216 652 1279 in
674 1215 861 1282 thoueribus
878 1217 988 1306 pordit
1010 1217 1146 1305 aliquid.

144 1347 200 1412 96.
236 1345 338 1412 Filius
362 1345 503 1414 noudum
526 1348 754 1433 emancipatus,
787 1349 976 1414 constitutus
999 1349 1033 1414 iu
1055 1357 1189 1437 patema
1211 1357 1296 1436 pote·

43 1461 153 1534 stete,
178 1473 241 1517 nec
261 1474 282 1517 a
303 1450 456 1517 iratribus
479 1450 602 1518 divisus
623 1451 676 1518 vel
700 1459 875 1539 separatus,
899 1454 928 1518 si
949 1451 1141 1538 globizsndo
1162 1451 1215 1518 vel
1236 1462 1298 1520 tas·

43 1554 230 1621 serizando
252 1553 306 1622 vel
330 1554 505 1643 quemlibet
518 1554 617 1622 alium
634 1555 744 1622 ludum
760 1555 947 1624 damnosum
970 1555 1111 1624 ludendo
1132 1565 1189 1623 aut
1204 1577 1293 1624 exer·

43 1659 174 1743 cende,
197 1658 319 1746 aliquid
341 1659 528 1746 perdiderit,
552 1659 631 1726 talia
653 1661 761 1726 omnia
777 1669 809 1725 et
831 1659 958 1748 singula
978 1683 1037 1748 per
1059 1662 1164 1749 ipsum
1186 1659 1297 1748 deper-

44 1765 124 1830 dita
155 1762 307 1832 volumus
336 1772 369 1829 et
391 1756 602 1842 decernimus,
636 1763 723 1852 quod
752 1765 787 1831 in
808 1765 909 1852 ipsius
938 1772 1062 1852 par-tem
1092 1787 1149 1830 seu
1178 1774 1297 1831 sortem

45 1877 296 1958 computentur.
337 1866 556 1934 Nihilominus
579 1868 797 1950 decernentes,
820 1867 906 1955 quod
929 1869 1053 1934 sivein
1075 1867 1205 1945 taxillis,
1228 1868 1297 1934 sive

45 1977 82 2041 in
102 1973 244 2060 [scaccis
257 1971 324 2058 vel]
339 1970 419 2059 ales,
432 1974 535 2038 autin
549 1969 746 2060 quibuslibet
755 1970 827 2037 aliis
839 1969 924 2038 ludis
938 1970 1072 2038 lucrosis
1083 1973 1174 2060 [ipsis
1187 1971 1296 2039 luden-

45 2077 156 2160 tibus,
181 2077 221 2142 ad
243 2077 406 2165 pecunias,
438 2098 547 2164 equos,
570 2074 623 2142 vel
644 2075 724 2142 alias
746 2073 908 2165 quaslibet
928 2099 980 2143 res
1003 2074 1153 2160 lucratus,
1183 2099 1240 2143 seu
1263 2079 1296 2143 in

48 2179 247 2272 hujusmodi
270 2179 365 2270 ludis]
388 2181 572 2268 acquisitas,
590 2179 751 2264 monendi,
773 2178 913 2268 petendi,
937 2180 1121 2269 requirendi
1142 2203 1200 2247 seu
1222 2203 1296 2246 ven·

48 2285 199 2374 dicandi,
222 2308 287 2352 nou
310 2284 457 2352 obstante
480 2283 624 2373 qualibet
636 2285 840 2373 fidejussoria
853 2286 1001 2350 cautione
1016 2307 1072 2350 seu
1089 2284 1297 2370 obligatione,

47 2391 187 2478 penitus
216 2389 340 2455 nullum
363 2390 420 2476 jus
443 2409 485 2454 ex
506 2387 679 2475 praedictis
709 2387 793 2455 ludis
817 2391 859 2454 sit
880 2389 1090 2477 acquisitum
1123 2388 1181 2454 sed
1203 2388 1296 2454 dum-

47 2503 149 2561 taxat
178 2493 339 2581 quoslibet
367 2493 458 2561 ludos
485 2491 599 2559 baberi
629 2493 834 2561 concedimus
857 2502 889 2560 et
909 2493 1056 2560 volumus
1090 2491 1195 2579 gratia
1215 2501 1294 2559 tcm-
1345 2511 1346 2514 ’

49 2599 147 2687 poris
171 2596 351 2664 deducendi
376 2607 408 2666 et
430 2621 529 2666 causa
551 2595 657 2665 solatii
678 2608 711 2664 et
733 2599 879 2664 exercitii
900 2596 1052 2664 habendi.

311 2765 361 2830 De
382 2765 551 2844 kmetlsona,
574 2766 631 2852 qui
651 2765 750 2830 mitio·
767 2761 902 2852 plepem
923 2761 1033 2852 infert.

141 2897 194 2962 97.
231 2894 328 2962 Militi
350 2918 409 2982 pro
430 2917 495 2962 una
509 2894 605 2984 plage
626 2893 679 2961 vel
701 2893 846 2983 pluribus
869 2917 889 2960 a
911 2892 1084 2960 kmethone
1106 2891 1209 2976 laetis,
1227 2890 1294 2958 XV

47 3003 174 3089 [poena
187 3009 382 3088 percussoet
398 3000 522 3088 judicio
545 2998 633 3079 XVJ.
666 2998 701 3064 Si
724 3020 800 3064 vero
823 2996 1055 3077 liseritbsculo,
1069 3005 1101 3062 et
1115 3004 1291 3089 cruentata,

46 3108 138 3171 sicut
159 3126 218 3192 pro
241 3103 375 3172 vulnere
397 3102 528 3192 gladiali
559 3101 757 3170 declaramus
780 3101 1050 3168 satisfaciendum.
1094 3100 1188 3166 Ililiti
1209 3121 1287 3165 vero

46 3217 187 3291 famoso,
210 3207 388 3294 vulgariter
405 3209 571 3288 szlaelcze,
593 3206 657 3274 LX
679 3227 814 3291 marcas,
830 3203 1021 3274 scartabello
1036 3203 1138 3272 XXX
1153 3227 1287 3281 marcas,

46 3313 147 3378 militi
163 3321 270 3378 creato
284 3312 324 3378 de
335 3310 470 3378 sculteto
492 3311 545 3378 vel
566 3307 750 3391 kmethone,
773 3309 838 3376 XV
859 3331 983 3404 marcas
998 3333 1056 3398 pro
1072 3311 1192 3398 capite;
1214 3310 1290 3375 item

46 3417 148 3482 militi
176 3416 333 3482 seusun
361 3439 420 3504 pro
453 3415 587 3482 vulnere
616 3415 726 3482 decem
758 3437 893 3497 marcas,
927 3413 1118 3480 scartabello
1148 3415 1289 3501 quinque

47 3543 188 3604 marcas,
219 3519 353 3586 sculteto
382 3518 437 3586 vel
465 3519 632 3586 kmethoni
662 3519 755 3584 factis
788 3517 950 3596 militibus,
984 3526 1049 3584 tres
1077 3541 1201 3583 marcas
1230 3540 1288 3606 pro

46 3625 241 3694 vulneribus
264 3613 433 3691 statuimus
454 3621 694 3711 persolvendus.

399 3867 404 3879 ¹
485 3791 535 3855 De
550 3790 734 3876 sulcatione
751 3791 854 3878 prati.

137 3922 187 3990 98.
209 3919 382 3987 Bertoldus
398 3919 547 4007 deposuit
558 3920 722 4007 querelam
737 3928 848 3985 contra
862 3917 1036 4001 Andream,
1060 3916 1146 4006 quod
1158 3927 1285 4003 pratum

46 4029 152 4117 ipsius
185 4024 335 4109 salcavit3
381 4024 527 4090 Andreas
559 4033 675 4109 autem,
707 4024 784 4090 licet
816 4023 857 4088 sit
890 4022 1054 4089 confessus
1087 4021 1286 4110 praedictum

48 4144 177 4224 pratum
199 4154 235 4196 se
257 4128 402 4214 sulcasse,
433 4138 539 4195 tamen
570 4129 698 4216 adjecit,
733 4129 818 4216 quod
849 4127 935 4193 idem
964 4137 1092 4215 pratum
1114 4123 1285 4192 wludsrius
1333 4133 1334 4138 ’

48 4234 194 4303 Bertoldi
230 4257 288 4323 pro
328 4243 417 4300 certa
443 4234 580 4320 pecunie
609 4233 791 4299 sulcandum
826 4234 888 4300 sibi
920 4231 1127 4314 vendidisset,
1162 4239 1194 4294 et
1226 4251 1285 4316 pro
1382 4246 1392 4273 ¹

46 4340 163 4408 eodem
192 4349 285 4426 prato
307 4339 476 4425 pecuniam
506 4337 592 4402 idem
614 4337 786 4405 wladariua
817 4336 859 4402 ab
882 4338 951 4423 ipso
974 4337 1158 4423 recepisset,
1189 4355 1285 4420 quem

46 4457 156 4511 tamen
179 4453 340 4509 mortuum
363 4464 433 4507 esse
455 4440 630 4507 asserebat.
674 4441 740 4506 Nos
763 4451 868 4508 autern
901 4440 1140 4507 considerantes
1163 4437 1284 4503 confes-

47 4553 171 4618 sionem
198 4547 299 4633 ipsius
322 4545 471 4611 Andreae
502 4553 533 4610 et
555 4547 651 4610 etiam
682 4556 817 4611 mortem
848 4545 949 4632 ipsius
984 4543 1138 4625 wladsrii,
1171 4543 1205 4607 in
1226 4539 1284 4606 tali
