3082 5128
249 426 323 498 566
625 442 747 494 xxxm.
766 441 871 495 statua
888 442 1094 494 wrsrseensnn

249 651 327 695 casa
365 629 540 696 indiximus
581 629 685 698 eidem
718 632 869 698 Andreae
908 631 1044 720 probare
1080 635 1164 720 prati
1196 634 1423 700 venditionem
1457 649 1485 700 et

247 735 450 822 emptionem.

570 879 619 942 De
641 879 699 944 illo
722 881 777 966 qui
799 879 984 944 oulrwrator
1005 881 1041 943 in
1063 867 1148 944 lodo.

333 1006 384 1073 99.
419 1006 501 1073 Item
531 1008 703 1075 Bertoldus
732 1020 844 1075 contra
874 1009 1036 1076 Andream
1070 1010 1226 1097 deposuit,
1260 1011 1349 1098 quod
1380 1013 1483 1099 ipsun

245 1110 461 1196 vulnerasset,
496 1112 644 1180 Andreas
667 1115 832 1182 coufessus
856 1124 914 1198 est,
945 1116 1050 1203 ipsum
1073 1114 1261 1180 Bertoldum
1283 1115 1481 1198 vulnerasse,

245 1217 366 1297 dicens,
400 1215 486 1304 quod
513 1216 574 1283 hoc
610 1218 687 1284 iecit
716 1218 828 1284 nolens
857 1221 890 1284 in
922 1218 998 1284 ludo
1033 1228 1065 1284 et
1094 1219 1282 1300 solatiando,
1317 1231 1482 1306 tamqnam

244 1321 350 1384 socius
373 1330 406 1385 et
427 1322 549 1386 amicus
572 1345 644 1388 cum
667 1325 780 1390 amico.
824 1324 902 1406 Nos,
925 1323 1036 1389 audita
1057 1325 1158 1409 ipsius
1180 1323 1332 1390 Andreae
1355 1329 1480 1390 contes-

244 1425 344 1507 sione,
367 1427 578 1509 attendentes,
601 1429 688 1516 quod
711 1428 804 1494 ludus
826 1451 891 1494 non
913 1429 1010 1494 debet
1031 1453 1067 1496 se
1085 1429 1261 1495 extendere
1283 1428 1325 1493 ad
1339 1429 1482 1515 aliquam

242 1525 417 1594 laesionem
440 1555 497 1596 seu
521 1532 686 1614 offensam,
720 1535 824 1620 ipsum
849 1531 1013 1600 Andream
1043 1535 1076 1599 in
1098 1534 1155 1600 tali
1177 1555 1253 1600 casn
1276 1533 1481 1598 decrevimus

242 1629 395 1699 Bertoldo
417 1635 459 1701 ad
480 1636 625 1702 vulneris
648 1639 897 1704 satisfactionem
920 1639 1207 1705 condemnandum.

305 1774 354 1839 De
368 1775 557 1861 fidejussore
579 1779 635 1864 qui
655 1800 687 1840 se
710 1780 823 1842 asserit
845 1801 906 1865 per
923 1778 1140 1866 principalem
1161 1777 1330 1842 debitorem
1350 1799 1419 1842 esse

755 1883 959 1970 persolutum.

199 2081 202 2087 ,
330 2013 400 2078 100.
435 2011 587 2079 Nicolans
610 2037 631 2079 a
646 2011 774 2079 Matheo
797 2015 956 2080 mutuavit
978 2012 1089 2078 decem
1111 2035 1245 2097 marcas,
1279 2035 1337 2100 pro
1360 2012 1479 2100 quibus

241 2114 451 2183 Laurentium
478 2117 540 2182 sibi
569 2117 660 2182 dedit
687 2117 929 2205 fidejussorem;
962 2127 995 2182 et
1023 2127 1097 2210 post
1125 2117 1247 2204 aliquot
1276 2117 1356 2196 dies,
1393 2117 1478 2181 idem

236 2219 385 2286 Mathcus
408 2220 533 2288 debitor
560 2223 622 2308 ipsi
643 2219 776 2288 Nicolao
799 2221 961 2309 creditori,
985 2224 1017 2287 in
1039 2221 1186 2288 absentia
1197 2220 1363 2286 Laurentii
1395 2220 1471 2284 iide-

234 2323 383 2409 jussoris,
419 2326 554 2390 eandem
576 2327 745 2412 pecuniam
775 2322 940 2412 persolvil,
973 2335 1009 2390 ut
1031 2323 1186 2408 debebat,
1231 2333 1377 2416 tempore
1397 2347 1474 2390 vero

241 2427 447 2513 procedente,
478 2429 663 2516 praedictus
684 2429 838 2496 Nicolaus
860 2430 1000 2496 creditor
1022 2428 1229 2494 Laurentium
1252 2428 1476 2517 fidejussorem

238 2553 296 2617 pro
326 2533 493 2618 praedicta
522 2533 659 2620 pecnnia
688 2534 789 2601 traxit
810 2534 852 2599 ad
874 2557 1022 2618 causam;
1057 2535 1174 2622 etquis
1195 2533 1281 2598 idem
1303 2533 1478 2620 fidejussor

237 2635 402 2722 injudicio
419 2639 609 2703 constimtus
626 2638 800 2722 asserebat,
825 2637 1021 2727 praedictam
1038 2639 1206 2724 pecuniam
1221 2659 1281 2725 per
1295 2637 1476 2724 praefatum

235 2739 402 2804 Mathenm
418 2740 593 2807 debitorem
606 2743 680 2828 prin
692 2730 929 2829 cipalemiuisse
943 2743 1149 2830 persolutam,
1162 2752 1222 2808 nos
1250 2743 1475 2808 decrevimus:

235 2840 275 2906 In
298 2843 355 2910 tali
379 2867 455 2912 casn
476 2846 676 2932 probandam
700 2847 817 2913 neum
841 2847 1040 2914 solutionem.

323 2985 372 3048 De
393 3007 500 3063 acore,
519 2989 610 3073 cujac
630 2987 683 3050 oir
703 2987 841 3070 decmsit,
865 2988 951 3051 circa
973 3009 1060 3073 qnam
1081 3007 1240 3050 remanare
1260 2985 1379 3051 debeat.

323 3117 394 3180 101.
429 3115 614 3200 Statuimus,
649 3117 735 3204 quod
757 3118 870 3183 marito
893 3126 1018 3184 mortuo
1053 3137 1136 3181 uxor
1158 3117 1245 3181 circa
1265 3115 1472 3181 donationem

236 3229 268 3283 et
280 3218 387 3284 dotem
411 3229 442 3284 et
464 3220 628 3308 quaelibet
643 3221 889 3309 paraphernalia
911 3223 944 3286 in
962 3222 1118 3308 pecuniis,
1142 3221 1286 3307 gemmis,
1310 3218 1472 3306 lapidibus

235 3331 267 3387 et
289 3324 431 3389 vestibus
454 3325 752 3413 supercxstantibus
776 3324 892 3391 debeat
913 3348 1098 3409 remanerc3
1121 3325 1192 3413 ipsa
1206 3333 1313 3389 autern
1333 3337 1472 3408 mortua,

234 3427 276 3493 ad
297 3451 425 3515 pucros,
448 3431 475 3493 si
498 3430 585 3518 ipsos
609 3427 766 3516 habuerit,
793 3429 960 3517 praedicta
982 3431 1088 3495 omnia
1111 3428 1348 3510 devolvantur„
1377 3428 1471 3510 Quae

233 3531 356 3617 mulier,
387 3532 534 3599 habendo
564 3555 690 3621 pueros,
726 3536 754 3600 si
785 3535 882 3600 alium
922 3535 1028 3600 virum
1059 3533 1217 3621 receperit
1248 3531 1302 3597 vel
1332 3531 1470 3597 voluerit

235 3636 388 3722 recipere,
419 3636 620 3703 decernimus
650 3637 702 3704 vel
733 3637 944 3721 declaramus,
983 3638 1069 3726 quod
1095 3647 1219 3702 tantum
1262 3635 1304 3701 ad
1339 3637 1470 3702 eosdem

232 3763 348 3826 pueros
372 3743 480 3808 omnia
500 3741 586 3807 bona
608 3741 785 3829 paternalis
806 3741 1014 3829 integraliter,
1037 3764 1109 3807 cum
1127 3741 1192 3806 alia
1213 3751 1303 3826 parte
1323 3741 1467 3826 ipsorum

231 3845 264 3906 in
298 3845 455 3912 divisione
489 3848 694 3934 contingente
727 3846 945 3934 quorumlibet
978 3846 1135 3912 bonorum
1166 3843 1402 3926 matemalium,
1438 3847 1467 3907 iu

231 3948 485 4039 quibuscumque
507 3951 604 4017 rebus
635 3953 820 4035 consistant,
854 3951 977 4039 absque
1007 3949 1116 4037 aliqua
1139 3945 1391 4014 contradictione
1415 3949 1468 4012 de-

232 4051 414 4138 volvantur,
437 4064 471 4120 et
489 4054 529 4120 de
545 4055 609 4121 alia
623 4065 715 4143 parte
738 4055 867 4121 residua
889 4077 1019 4120 suorum
1036 4054 1193 4118 bonorum
1215 4051 1386 4118 medietate
1403 4075 1468 4116 ms·

232 4158 328 4222 ritum
349 4159 495 4247 accipiat,
513 4158 611 4247 juxta
633 4183 724 4225 susm
745 4157 952 4225 voluntatem.
1031 4205 1032 4208 κ

319 4263 390 4328 102.
424 4263 506 4328 Item
534 4263 610 4329 dum
639 4263 746 4352 aliqua
768 4261 938 4329 domicella
965 4262 1140 4346 maritatur,
1174 4260 1232 4326 dos
1256 4283 1313 4325 scu
1336 4259 1467 4324 donatio

230 4366 262 4430 in
281 4368 417 4453 pecunia
432 4376 544 4454 parata
558 4369 704 4452 sufficiat,
727 4391 809 4456 quae
826 4369 1050 4456 inpraesentia
1065 4367 1240 4432 amicorum
1263 4365 1464 4450 assignatum

228 4469 314 4534 bona
334 4493 412 4536 vero
433 4470 627 4538 hereditaria
649 4496 756 4538 coram
786 4475 876 4558 regia
906 4473 1072 4560 majestate
1103 4468 1267 4536 debebunt
1297 4469 1466 4550 assignari.
