3082 5128
243 423 318 521 570
619 441 744 516 xxxin.
763 448 1091 516 sususwsrssnest.

241 653 383 739 praemio
419 652 578 738 justitiam
618 663 773 739 evertere,
808 653 865 720 sed
900 661 1027 739 gestent
1061 662 1213 719 stateram
1252 652 1286 718 in
1321 655 1469 722 manibus

244 775 347 844 aequo
370 756 540 823 libramine
562 756 671 824 lances
694 758 923 847 appendentes,
946 768 983 824 ut
1003 759 1037 823 in
1059 756 1278 845 concipiendis
1298 758 1470 823 etfereudis

247 863 414 928 sententiis
436 862 541 929 solum
563 863 670 929 Deum
690 864 846 930 habentes
868 887 945 952 prae
968 861 1077 947 oculis,
1101 887 1141 928 ne
1162 861 1252 929 velut
1278 861 1384 928 famae
1407 885 1471 926 susc

243 966 372 1054 prodigi
384 978 416 1033 et
429 977 651 1056 persecutores
673 971 818 1057 ipsorum
839 969 970 1035 honoris
993 978 1106 1035 contra
1128 990 1240 1035 eorum
1255 969 1471 1034 conscientiam

243 1082 275 1138 et
292 1073 460 1161 justitiam,
483 1098 542 1162 per
564 1077 698 1162 gratiam
722 1085 778 1141 aut
798 1099 857 1164 per
878 1076 976 1142 fortes
999 1075 1172 1163 quicquam
1194 1072 1315 1138 faciant
1334 1073 1434 1160 partis
1445 1075 1470 1136 in

247 1201 439 1264 gravamen3
462 1191 592 1266 propter
615 1180 700 1268 quod
724 1181 909 1247 statuimus:
943 1179 989 1245 Ut
1011 1181 1039 1245 si
1062 1179 1177 1266 aliquis
1199 1178 1353 1266 deinceps
1378 1177 1470 1264 judex

244 1283 424 1350 ordinarius
448 1284 500 1350 vel
523 1285 700 1371 delegatus,
732 1286 797 1350 Dei
828 1287 942 1351 timore
965 1285 1151 1372 postposito,
1183 1283 1293 1371 utique
1327 1281 1468 1346 sententi-

245 1389 330 1454 verit
352 1399 465 1455 contre
487 1390 848 1478 aliqucmclientulum,
882 1389 974 1456 alteri
996 1392 1079 1476 parti
1113 1389 1218 1476 ipsum
1240 1386 1470 1453 condemnando

244 1518 342 1582 super
358 1493 536 1560 hereditate
559 1506 615 1560 aut
638 1497 702 1561 slis
717 1519 752 1560 re
775 1496 918 1561 certain
936 1494 1096 1583 judicium
1120 1493 1295 1579 (deducta),
1308 1501 1471 1580 etpropter

244 1597 305 1664 hoc
328 1623 402 1686 pars
425 1599 599 1687 dampnata
628 1599 769 1688 appellat
799 1599 841 1666 sd
862 1601 1072 1687 superiorem,
1106 1600 1237 1686 etquis
1258 1598 1356 1663 moris
1378 1599 1470 1663 estin

240 1703 366 1792 judicio
388 1703 576 1790 Polonicali‚
595 1705 681 1792 quod
699 1703 815 1792 judex,
840 1729 859 1770 a
881 1727 945 1792 quo
968 1705 1084 1792 cuique
1105 1703 1264 1770 sententia
1282 1726 1340 1790 per
1361 1713 1472 1790 partem

246 1810 451 1898 inpugnetur,
474 1833 539 1876 non
561 1812 651 1898 prius
674 1809 826 1892 vultnec
841 1817 969 1874 tenetur
990 1831 1082 1874 suam
1105 1807 1273 1874 defensare
1295 1811 1470 1873 sententiam

244 1915 306 1978 uisi
341 1914 430 2001 prius
463 1936 522 2002 per
555 1925 678 2002 partem
712 1924 776 1979 tres
810 1937 938 1979 marcae
967 1922 1022 1979 sut
1052 1913 1152 2002 pelles
1182 1911 1386 1978 mardurinae
1417 1911 1469 1975 sibi

243 2019 458 2104 assignentur,
492 2027 528 2082 ut
557 2017 700 2106 parilitas
728 2019 762 2083 in
791 2019 904 2106 poenis
933 2016 1100 2103 habeatur,
1135 2019 1162 2081 si
1185 2017 1270 2082 idem
1288 2015 1391 2104 judex
1411 2017 1469 2080 vin·

246 2131 336 2187 estur
362 2145 421 2209 per
446 2131 571 2208 partem
603 2122 879 2210 condempnatum,
914 2121 1017 2186 eidem
1049 2120 1151 2208 pelles
1180 2131 1236 2185 sut
1264 2129 1330 2186 tres
1359 2141 1470 2184 marcas

244 2235 390 2313 receptas
421 2249 493 2292 cum
517 2247 621 2314 poena
643 2227 932 2314 pancznadzesczu
962 2227 1101 2290 suffusus
1127 2225 1255 2306 rubore,
1282 2247 1348 2290 suo
1370 2224 1469 2289 adver·

245 2332 329 2396 sario
358 2331 515 2415 restituet,
538 2332 593 2416 qui
615 2331 655 2395 ad
680 2331 877 2416 superiorem
909 2331 941 2394 in
971 2328 1052 2394 falsa
1077 2331 1338 2416 pronuntiatione
1360 2337 1470 2394 evocat.
