3082 5128
223 469 298 542 554
608 485 733 538 xxxm.
753 485 858 537 sutus
875 485 1083 538 wnnoennsr.

223 673 464 758 correctionem,
477 673 563 740 unde
582 695 641 738 nos
655 675 840 740 statuimus:
871 674 967 756 Quod
989 674 1339 742 kmethokmethonem
1366 673 1477 740 alium

222 776 372 842 occidens
404 799 462 864 pro
492 801 598 867 poena
629 778 794 844 homicidii
826 777 1054 863 castellaniae,
1088 781 1121 844 in
1151 801 1215 866 qua
1247 778 1474 844 homicidium

222 879 319 947 uerit
349 883 564 966 commissum,
595 881 648 949 vel
679 883 719 968 ei,
749 884 802 948 eui
825 884 880 971 jus
913 885 1120 973 persuaserit,
1151 893 1287 970 quatuor
1316 906 1475 961 marcas:

221 987 469 1072 consanguineis
490 1010 570 1054 vero
593 989 661 1053 eive
683 987 936 1076 proximioribus
969 989 1081 1054 amicis
1112 1011 1171 1054 sex
1194 1009 1319 1053 mareas
1341 987 1476 1053 decer-

221 1092 326 1156 nimus
349 1089 592 1178 persolvendas.
638 1090 702 1173 Qui
725 1095 752 1158 si
775 1116 839 1158 non
862 1093 1011 1158 fueritin
1036 1092 1200 1176 solvendo,
1223 1101 1335 1180 eaptus
1360 1115 1476 1180 poena

221 1195 351 1283 capitali
373 1195 555 1283 puniendus
579 1205 635 1263 est

323 1363 373 1426 De
393 1362 462 1427 illis
484 1365 541 1449 qui
561 1349 752 1428 accusantur
773 1363 812 1428 de
833 1364 1011 1448 bernicidio,
1035 1373 1065 1430 et
1085 1387 1146 1430 non
1169 1367 1233 1429 aiat
1249 1363 1376 1452 plures.

306 1492 358 1556 58.
391 1491 474 1557 Item
496 1496 523 1559 si
546 1493 665 1581 plures,
697 1504 774 1583 puta
796 1495 859 1562 duo
882 1506 938 1562 aut
956 1505 1023 1561 tres
1045 1496 1097 1563 vel
1119 1505 1264 1585 quatuor,
1295 1494 1337 1562 de
1361 1495 1471 1560 horni-

222 1595 308 1661 eidio
322 1606 522 1680 accusantur,
546 1597 622 1664 lieet
635 1601 810 1686 antiquitus
827 1621 885 1686 per
902 1602 1120 1688 juramentum
1137 1601 1332 1666 accusatnia
1347 1621 1471 1664 omnes

221 1722 325 1786 poena
354 1697 519 1766 homicidii
551 1702 775 1788 puniebantur,
809 1726 868 1769 nos
897 1713 1005 1769 tannen
1032 1702 1215 1792 hujusmodi
1239 1704 1469 1790 juramentum

221 1806 465 1888 restringentes,
488 1808 673 1872 statuimus:
698 1807 794 1890 Quod
816 1831 899 1873 unus
922 1807 1141 1874 tantummodo
1163 1829 1222 1896 per
1237 1809 1470 1894 juramentum

221 1910 338 1973 actoris
350 1909 580 1975 condemnetur
602 1920 634 1976 et
655 1913 807 1998 puniatur
826 1912 867 1977 de
889 1911 1071 1996 homicidio,
1094 1921 1257 1979 consortes
1273 1932 1350 1974 vero
1376 1911 1467 1995 ejus-

222 2011 295 2076 dem
317 2015 457 2078 accusati
487 2035 547 2101 per
568 2012 669 2080 bonos
692 2037 732 2081 ae
760 2016 894 2082 idoneos
917 2025 1014 2082 testes
1037 2016 1078 2081 de
1099 2016 1273 2082 homicidio
1293 2022 1326 2078 et
1347 2015 1468 2078 vulne·

222 2116 312 2181 ribus
343 2126 576 2186 seteneautur
605 2141 805 2207 expurgar03
838 2119 918 2186 alias
951 2122 985 2186 in
1017 2122 1250 2208 expurgatione
1272 2117 1469 2184 deficientes

221 2221 406 2306 puniantur.

220 2387 269 2451 De
291 2386 360 2451 illia
382 2390 438 2473 qui
459 2389 631 2454 casualiter
642 2389 832 2470 esuriuntur,
854 2390 890 2454 in
912 2412 1028 2477 uquam
1049 2389 1098 2455 uel
1126 2389 1165 2454 de
1183 2389 1293 2453 arbore
1315 2387 1464 2452 eudendo

742 2505 799 2560 aut
821 2495 930 2560 simili.

307 2623 359 2689 59.
393 2623 474 2689 Item
505 2646 707 2712 quacumque
731 2633 833 2691 morte
865 2623 986 2691 casuali
1010 2625 1061 2691 vel
1084 2627 1248 2714 inopinata
1267 2623 1466 2708 contingerit

223 2725 363 2813 uliquem
386 2726 427 2793 de
450 2727 511 2794 bae
533 2729 605 2794 luce
621 2731 770 2814 migrare,
794 2738 872 2822 puta
893 2729 934 2794 de
944 2729 1061 2795 arbore
1077 2729 1232 2812 cadendo,
1255 2727 1306 2793 vel
1323 2729 1356 2791 in
1374 2749 1466 2812 aqua

132 2915 137 2926 ι
222 2831 470 2918 submergendo,
484 2842 540 2898 aut
561 2835 677 2919 quovis
700 2831 763 2900 alio
786 2856 863 2898 casu
880 2831 985 2917 simili,
1009 2835 1194 2899 statuimus:
1218 2831 1312 2914 Quod
1326 2853 1387 2918 pro
1404 2829 1464 2894 tali

223 2937 350 3002 bomine
380 2937 427 3002 sic
459 2935 634 3004 decedente
657 2936 747 3003 nulla
768 2940 894 3025 penitus
916 2939 1061 3028 quaestio
1083 2946 1259 3002 moveatru.
1282 2933 1362 3000 Item
1383 2933 1464 2998 dum

222 3041 395 3126 ignoratur,
417 3042 488 3129 quis
511 3043 670 3108 commisit
685 3040 903 3124 homicidium,
921 3041 1137 3108 decernimus:
1162 3040 1258 3121 Quod
1272 3037 1462 3104 castellania

223 3145 263 3211 de
286 3145 347 3214 hoc
368 3144 509 3234 aliquam
531 3169 595 3212 non
617 3155 746 3212 moveat
767 3147 1001 3232 quaestionem,
1024 3145 1082 3212 sed
1092 3144 1323 3230 consanguinei
1341 3150 1374 3208 et
1384 3164 1460 3228 pro·
1534 3195 1535 3240 ,

223 3250 377 3315 nimiores
392 3248 585 3337 culpabilem
598 3251 805 3338 inquirentes,
829 3273 968 3328 eausam,
990 3251 1066 3316 dum
1087 3249 1236 3337 poterint,
1258 3255 1463 3334 exequantur

219 3354 317 3441 juxta
332 3355 417 3441 juris
440 3353 584 3422 formam.

438 3522 486 3587 De
506 3521 606 3587 milite
629 3524 684 3610 qui
705 3523 820 3588 oceidit
840 3523 971 3587 militem
993 3544 1088 3586 manu
1105 3521 1253 3585 uiolenta.

309 3653 361 3717 60.
394 3650 441 3718 Ut
462 3651 652 3720 violatorum
676 3653 811 3720 audacia
832 3653 1019 3737 refrenetur,
1043 3653 1227 3718 statuimus:
1262 3647 1357 3732 Quod
1379 3645 1457 3710 dum

225 3754 316 3820 miles
337 3755 400 3822 sibi
424 3779 533 3843 parem
556 3757 710 3824 occiderit
731 3757 898 3842 violenter,
930 3780 989 3846 pro
1012 3758 1116 3844 eapite
1139 3756 1210 3838 LX,
1245 3775 1303 3843 pro
1325 3749 1456 3816 mutila·
1532 3811 1533 3826 ,

226 3861 312 3924 tione
335 3882 412 3926 vero
433 3861 570 3927 membri
599 3859 772 3948 cujuslibet
792 3861 902 3945 XXX,
935 3871 967 3928 et
988 3883 1046 3949 pro
1078 3859 1215 3948 simplici
1238 3855 1371 3923 vulnere
1393 3853 1456 3918 XV

225 3985 350 4029 mareas
373 3964 498 4032 solvere
520 3973 676 4032 teneatur.

225 4132 275 4196 De
295 4131 354 4196 illo
377 4134 433 4217 qui
453 4133 568 4199 oceidit
589 4144 719 4198 neutram
741 4133 842 4199 alicui
865 4157 904 4199 ea
926 4157 969 4216 eo,
982 4131 1064 4218 quod
1086 4155 1154 4196 etim
1176 4131 1256 4197 dicit
1278 4153 1318 4196 ec
1339 4127 1453 4214 intepi-

590 4238 664 4302 timo
687 4239 774 4302 tirum
797 4259 860 4302 esse
877 4246 1087 4324 procreatum.

309 4384 362 4450 61.
397 4384 589 4452 Laurentius
620 4387 824 4472 conqueritur
857 4383 899 4449 ds
931 4383 1080 4466 Martino,
1115 4381 1201 4469 quod
1230 4381 1293 4448 sibi
1323 4391 1454 4447 matrem

225 4488 401 4572 interfecit3
425 4489 580 4555 Martinus
600 4489 782 4576 respondet,
805 4487 1160 4577 quiaLaurentiusnon
1175 4486 1236 4552 firi:
1251 4486 1292 4552 de
1316 4485 1455 4571 legitimo

226 4589 319 4656 thoro
342 4599 537 4676 procreatus,
572 4615 614 4658 ex
637 4616 686 4676 eo,
721 4595 797 4681 quia
818 4596 923 4681 ipsum
952 4591 1117 4658 asserebat
1143 4591 1244 4658 filium
1267 4611 1339 4655 esse
1361 4609 1454 4674 vaga·
