3064 5118
263 445 337 518 388
708 435 778 510 XXI.
797 455 887 508 ustrou
906 455 1047 508 succussi.

218 637 219 640 ¹
261 648 330 714 fieri
352 649 516 732 continget
538 667 594 712 seu
618 645 744 729 iudicis,
769 647 800 710 in
824 646 942 733 quibus
966 654 997 709 et
1021 645 1188 710 convietus
1218 651 1396 710 contumax
1421 644 1487 707 exti-

263 753 335 817 terit
358 761 390 816 et
411 749 563 818 rebellis:
585 771 699 816 comes.
715 749 945 835 Zagrsbisnsis
966 749 1019 814 vel
1044 747 1216 814 Orisiensie
1249 769 1322 812 cum
1355 769 1425 812 uuo
1458 745 1488 810 ds

262 854 486 921 eoniudieibus
510 852 571 918 sibi
590 853 748 941 deputatis
764 853 806 920 ad
825 853 1020 938 exigendum
1034 852 1194 940 procedet,
1205 859 1368 938 assumpte
1387 872 1487 916 secum

261 960 445 1025 testimonio
468 957 598 1045 capituli
621 957 850 1044 Zegrabiensis
872 956 926 1022 vel
949 955 1163 1040 Ohasmensis,
1186 977 1246 1044 pro
1268 978 1317 1038 eo,
1351 977 1395 1019 ue
1426 952 1488 1040 plus

232 1092 235 1096 ·
261 1065 344 1128 iusto
367 1061 475 1128 debito
498 1062 662 1147 exigatur3
687 1071 719 1126 et
741 1063 773 1126 in
796 1083 950 1150 processu
972 1083 1029 1132 suc
1064 1081 1159 1147 super
1180 1059 1320 1147 aliquem
1352 1056 1487 1123 nobileu

259 1166 312 1235 vel
335 1165 538 1252 iobagionem
561 1168 658 1231 castri
681 1165 870 1231 descensum
892 1165 999 1231 fecere
1014 1185 1077 1230 non
1100 1162 1242 1246 debebit,
1263 1162 1321 1229 sed
1332 1183 1486 1251 expensa

263 1293 343 1358 ques
367 1270 479 1336 fecerit
500 1272 533 1335 in
556 1269 673 1352 eundo,
696 1270 738 1336 de
760 1270 854 1336 bonis
876 1271 978 1336 eciam
1001 1271 1123 1356 recipet
1144 1267 1352 1334 contumacis.

346 1375 397 1439 23.
420 1375 489 1439 Nee
510 1374 659 1439 volumus
675 1374 734 1440 sub
747 1373 872 1439 silentio
885 1376 1048 1460 preterire,
1062 1373 1146 1460 quod
1165 1371 1283 1439 nobilis
1302 1373 1338 1437 in
1353 1369 1485 1457 Zagorio

260 1493 292 1546 et
314 1478 386 1545 eliis
409 1479 611 1546 eomitatibus
634 1477 854 1544 consimilibus
877 1479 1062 1560 existentes,
1098 1477 1207 1543 comiti
1233 1475 1408 1565 parochiali
1439 1474 1483 1538 de·

261 1605 411 1650 seensum
433 1583 510 1649 dare
532 1605 597 1648 non
619 1591 776 1658 tenentur,
799 1605 860 1648 nee
874 1585 943 1648 eius
962 1591 1069 1648 estere
1089 1582 1217 1666 iudicio,
1241 1577 1300 1648 sed
1320 1580 1483 1646 bacuceos

258 1687 416 1755 iudicabit
437 1709 496 1775 pro
519 1697 662 1776 tempore
683 1690 885 1753 constitutus.

343 1793 395 1858 24.
419 1791 504 1858 Sane
516 1791 702 1858 collectores
715 1793 816 1857 eciem
828 1792 1076 1857 marturiuerum
1099 1813 1163 1856 non
1174 1813 1248 1857 eum
1259 1788 1406 1878 pluribus
1419 1811 1480 1876 pro-

258 1895 374 1962 cedere
396 1895 535 1962 dsbeent
557 1897 619 1961 nisi
649 1919 721 1960 cum
744 1893 914 1961 duodecim
937 1894 1120 1962 hominibus
1152 1893 1308 1961 babentes
1341 1902 1481 1980 quemcr-

258 2001 361 2066 decim
385 2023 484 2086 equos
507 2009 540 2066 et
560 1999 755 2088 conplures,
769 1999 887 2087 quibus
909 2001 1039 2088 quidem
1056 2000 1097 2065 de
1115 1998 1261 2086 qualibet
1278 1998 1480 2084 generacionc

257 2127 315 2191 pro
338 2102 532 2170 victualibus
554 2104 769 2170 sdministrari
793 2102 909 2170 debeat
931 2105 1002 2169 ovis
1038 2126 1110 2187 una,
1144 2125 1203 2168 sex
1235 2101 1364 2188 galline,
1394 2123 1480 2166 anser

257 2231 350 2292 unus,
373 2219 510 2296 quatuor
531 2209 640 2276 eubuli
659 2209 700 2274 de
721 2216 796 2274 vino
819 2231 892 2275 cum
911 2208 1027 2275 eubulo
1051 2209 1146 2274 trium
1163 2206 1353 2294 palmarum,
1371 2204 1477 2270 duode-

257 2313 320 2380 cim
343 2312 451 2379 eubuli
475 2313 515 2379 de
538 2312 655 2400 pebulo
674 2335 746 2379 cum
759 2313 875 2379 eubulo
896 2323 1033 2400 quatuor
1052 2311 1229 2400 palmarum
1253 2319 1286 2376 et
1300 2331 1365 2376 nou
1387 2308 1475 2374 ulus:

256 2427 352 2503 prout
373 2416 476 2484 felicis
498 2417 735 2484 recordacionis
758 2417 879 2483 domini
901 2419 1001 2483 nostri
1022 2414 1154 2482 illustris
1173 2417 1260 2503 regis
1278 2413 1356 2480 Bcle
1371 2415 1402 2480 in
1422 2414 1473 2500 pri·

258 2523 376 2609 vilegio
400 2522 589 2589 continetur.

342 2627 393 2692 25.
417 2623 614 2692 Colleetorss
637 2635 744 2692 eutem
759 2635 882 2714 septem
902 2625 1107 2691 denariorum
1122 2624 1175 2691 vel
1193 2623 1382 2691 iudiciorum
1397 2645 1472 2688 exer·

256 2731 338 2796 citus
371 2729 601 2796 dimidietatem
634 2729 799 2796 habebunt
832 2729 1006 2795 descensus
1039 2730 1229 2813 memoreti3
1252 2728 1392 2816 dictique
1421 2723 1470 2790 eol-

255 2833 392 2900 lectores
415 2835 662 2900 marturinerum
686 2835 719 2898 in
754 2835 852 2900 curiis
882 2830 1039 2900 nobilium
1069 2833 1121 2900 vel
1153 2833 1359 2920 iobegiouum
1392 2829 1471 2897 castri

255 2937 367 3002 domos
390 2936 514 3024 aliquas
532 2947 588 3002 sut
603 2938 731 3003 domum
749 2937 850 3004 villici
873 2938 926 3004 vel
941 2940 1106 3026 preconis:
1128 2937 1313 3004 molendina
1331 2943 1364 3001 et
1377 2934 1471 3001 stubss

257 3039 365 3107 dicere
386 3062 451 3105 non
473 3040 612 3108 debeant
633 3041 698 3106 ullo
721 3041 826 3127 modo,
861 3042 970 3109 villico
993 3045 1096 3108 eciem
1119 3041 1232 3108 domus
1254 3063 1321 3107 una
1342 3041 1376 3106 iu
1397 3041 1470 3104 curia

256 3167 316 3210 sus
335 3165 394 3231 pro
416 3145 608 3231 recipiendis
631 3144 810 3233 hospitibus
833 3143 936 3212 libera
958 3144 1163 3235 relinquetur.

339 3249 390 3314 26.
413 3247 456 3312 Et
475 3247 550 3314 telis
571 3247 668 3314 debet
690 3249 809 3316 bebere
839 3247 981 3316 villicum
1016 3258 1049 3316 et
1077 3271 1259 3337 preconem,
1282 3249 1340 3336 qui
1374 3247 1467 3314 dece·

252 3350 442 3435 iobagiones
464 3351 607 3439 possidet
630 3362 661 3417 et
683 3374 746 3418 non
769 3353 862 3418 infra.

338 3455 389 3520 27.
413 3455 505 3537 Item,
519 3455 617 3543 aliqui
629 3467 861 3524 commorantes
879 3481 976 3546 super
989 3467 1092 3524 terres
1110 3457 1263 3524 nobilium
1279 3457 1332 3523 vel
1346 3455 1469 3540 iobagio·

252 3581 327 3625 num
350 3561 446 3625 castri
468 3560 569 3627 dicari
584 3584 647 3626 non
671 3561 797 3644 debent,
821 3561 1209 3648 sediobegioneseorum‚
1223 3563 1342 3650 siquos
1355 3560 1468 3626 habeut·

338 3666 389 3732 28.
414 3664 456 3730 Et
478 3665 564 3751 quod
588 3668 695 3731 omnia
716 3667 873 3752 premisse
896 3666 1003 3732 debito
1027 3666 1140 3732 ordine
1167 3665 1389 3748 observentur,
1411 3684 1469 3728 eum

252 3771 369 3838 comite
391 3769 605 3856 chrabiensi
626 3779 762 3856 quatuor
783 3769 909 3836 nobiles
945 3781 978 3834 et
1007 3770 1069 3836 duo
1102 3769 1290 3856 iobsgiones
1324 3769 1417 3835 castri
1446 3779 1471 3829 et

253 3875 386 3942 totidem
409 3897 480 3939 cum
505 3875 620 3940 comite
645 3874 809 3957 Orisiensi,
833 3895 913 3960 quos
937 3895 1072 3961 regnum
1095 3873 1259 3962 eligendos
1284 3872 1419 3954 duxerit,
1436 3871 1471 3934 iu·

251 3977 415 4060 dicabunt,
439 3979 543 4064 quisi
567 3999 676 4044 omnes
698 3980 854 4044 interesse
876 4001 938 4044 non
962 3989 1103 4067 possent,
1138 3991 1203 4046 tres
1232 3978 1286 4044 vel
1308 3977 1373 4045 duo
1395 3979 1472 4045 iuxta

251 4082 400 4148 comitem
424 4083 585 4148 sufficient
606 4083 648 4147 ad
671 4082 824 4148 iudicium
847 4083 1040 4150 laciendum.

338 4187 383 4251 Ut
405 4195 511 4252 eutem
534 4185 594 4251 hec
629 4195 746 4251 statuta
773 4189 992 4276 suprascripta
1021 4209 1076 4254 seu
1108 4186 1356 4255 constitucioues
1387 4186 1471 4254 subur

248 4301 402 4380 perpetue
425 4289 591 4357 obtineant
612 4291 782 4373 firmitatis,
804 4303 972 4378 presentes
995 4293 1211 4358 concessimus
1244 4291 1355 4358 literas
1384 4287 1468 4377 sigilli

249 4395 351 4460 nostri
375 4396 548 4461 manimius
570 4395 748 4462 roboratus.

335 4499 454 4566 Datum
490 4498 649 4585 Zegrabie
677 4508 791 4587 quarte
823 4501 905 4565 feris
937 4503 1085 4589 proxime
1116 4511 1189 4590 post
1219 4512 1351 4568 octavos
1379 4499 1464 4566 Pasce

251 4623 336 4667 anuo
358 4603 399 4667 eb
422 4603 646 4668 incarnacione
669 4604 790 4670 domini
813 4603 905 4669 Meu
928 4608 1164 4692 septuagesimo
1187 4607 1295 4672 tercie.

767 4711 967 4724 ——nn
