3070 5118
227 390 302 468 508
649 402 743 456 XXXI.
762 400 886 466 Maiestas
910 397 1041 450 carolina.

219 593 305 658 dicto
318 590 474 656 tradente.
499 594 529 672 ξ.
542 589 572 654 6·.
585 587 629 654 Et
649 588 767 653 iterum
784 588 900 652 citatus
913 589 1021 669 tertio,
1035 584 1131 652 modo
1147 597 1340 678 praemisso,
1362 594 1466 658 madet

218 705 360 761 actorem
393 697 427 759 iu
460 692 670 782 noningentis
705 691 857 774 denariis,
892 700 1002 757 actore
1043 693 1191 760 similiter
1232 697 1466 785 respondente:

220 808 272 882 „et
294 820 354 885 ego
378 797 516 864 eundem
538 796 763 862 adversarium
784 795 876 860 trado
899 794 933 859 in
963 793 1208 865 OMdenariis.“
1245 806 1273 884 ξ.
1298 801 1327 868 7.
1346 799 1466 865 Ultimo

217 904 333 968 citatus
379 901 487 966 dicat:¹
533 908 583 975 „et
617 921 677 986 ego
710 897 804 964 trado
840 897 980 963 eundem
1013 900 1046 963 in
1080 901 1202 967 obbeb“
1239 904 1316 982 (boc
1351 913 1404 968 est
1436 906 1466 967 in

215 1003 435 1091 aequivalenti
459 1023 587 1068 summa
608 1003 766 1088 pecuniae
788 1000 1017 1067 traditionibus
1041 1005 1236 1088 supradictis
1259 1017 1293 1070 et
1312 1007 1464 1071 aestimo·

216 1109 312 1173 tionis
331 1109 430 1172 totius
447 1105 653 1188 hereditatis3
676 1127 773 1190 qnam
792 1103 950 1169 nonlicet
967 1127 1027 1190 per
1046 1115 1154 1191 partes
1171 1108 1258 1195 ipsas
1280 1109 1464 1195 transgredi

216 1213 250 1276 in
272 1211 352 1297 ipsis
385 1207 619 1276 traditionibus
652 1205 904 1294 quoquomodo).
948 1211 978 1290 θ.
1003 1209 1033 1272 8.
1071 1208 1282 1277 solemnitate
1315 1214 1464 1299 proxime

215 1314 417 1400 praescripta
450 1320 591 1384 servata,
620 1309 731 1397 (quam
758 1331 802 1374 ex
831 1311 1065 1377 consuetudine
1094 1316 1187 1398 regni
1221 1315 1347 1380 servasi
1379 1317 1465 1380 inter

216 1417 360 1505 privatas
399 1435 556 1501 personas
607 1415 812 1500 percepimus
862 1415 1062 1501 temporibus
1108 1417 1308 1505 antiquatis),
1357 1427 1466 1504 pas-tm

215 1521 304 1606 ipsae
337 1529 371 1585 et
404 1517 524 1584 bedelli
564 1518 702 1583 termino
739 1517 903 1602 assignmo
941 1528 1150 1604 compareant
1190 1543 1301 1585 coram
1336 1520 1461 1608 judice,

214 1624 417 1708 assignantes
449 1641 662 1708 unaquaeque
695 1620 834 1705 partium
871 1622 1024 1706 pecunias
1047 1621 1080 1686 in
1104 1621 1334 1689 traditionibus
1357 1623 1462 1709 desig·

214 1735 306 1792 natas
330 1724 554 1814 beneficiariis,
577 1731 633 1787 aut
655 1721 749 1789 aliter
772 1722 932 1788 cumillis
955 1724 1163 1789 concordiam
1186 1725 1363 1810 lacieutee3
1386 1727 1463 1792 dicti

215 1828 337 1895 bedelli
366 1828 555 1894 relationem
589 1825 711 1891 faciant
744 1826 900 1892 sericeam
922 1825 963 1892 de
985 1829 1086 1911 gestis
1109 1828 1247 1914 singulis
1270 1851 1331 1915 per
1353 1841 1461 1916 partes

212 1934 301 2019 ipsas
322 1933 358 1997 in
378 1931 559 1998 hereditate
591 1928 767 2016 praedicta,
791 1951 899 1996 coram
923 1951 1052 1995 summo
1086 1934 1275 1998 camerario.
1299 1931 1410 2017 judice
1432 1941 1462 1998 et

214 2036 348 2113 nonno,
370 2037 551 2121 catenaque
574 2031 790 2098 beneficiariis
815 2041 847 2098 et
870 2031 1047 2098 baronibus
1080 2043 1194 2101 terrae.
1240 2040 1271 2118 §.
1295 2037 1326 2100 9.
1362 2035 1461 2100 Facta

213 2138 369 2206 relatione
392 2147 424 2204 et
445 2135 610 2203 intellecta
643 2157 701 2223 per
730 2135 887 2224 judicem,
917 2135 1025 2223 judex
1056 2135 1144 2204 idem
1178 2137 1220 2203 ad
1257 2137 1457 2224 probandum

212 2244 378 2330 proposita
399 2241 474 2308 hinc
496 2239 572 2306 inde
594 2262 652 2327 per
674 2247 782 2325 partes
801 2262 860 2327 per
884 2239 1078 2306 documenta
1096 2240 1151 2306 vel
1173 2263 1233 2326 per
1254 2250 1358 2308 testes
1381 2263 1460 2308 com·

212 2355 377 2434 petentem
399 2346 575 2410 terminum
606 2343 700 2409 dictis
731 2341 876 2429 partibus
899 2343 1088 2429 assignabit.
1133 2347 1163 2427 ἕ.
1188 2344 1239 2410 10.
1263 2345 1356 2429 Pars,
1381 2367 1461 2432 quae

214 2451 249 2514 in
288 2448 483 2536 probatione
524 2446 689 2528 defecerit,
726 2454 782 2512 aut
814 2448 849 2510 in
889 2447 1028 2511 termino
1071 2448 1237 2533 assignato
1275 2470 1461 2536 comparere

212 2551 356 2638 legitime
388 2551 599 2633 recusaverit,
623 2551 708 2636 parti
733 2549 892 2616 adversae
924 2548 1073 2635 probanti
1098 2559 1131 2615 et
1152 2548 1298 2636 legitime
1333 2573 1458 2638 compa·

212 2658 297 2722 renti
318 2655 361 2721 ad
382 2664 482 2721 totam
507 2675 638 2719 causam
661 2662 694 2719 et
715 2655 819 2741 ipsam
842 2652 1064 2730 hereditatem,
1084 2675 1182 2740 super
1205 2675 1270 2740 qua
1291 2654 1380 2720 iacta
1401 2655 1460 2720 fuit

212 2760 353 2839 traditio,
370 2759 455 2824 etin
474 2758 613 2843 pecunia
630 2765 880 2844 quantacunque
898 2758 932 2820 in
948 2756 1177 2823 traditionibus
1195 2757 1276 2842 ipsis
1294 2779 1457 2846 expressa,

213 2861 480 2929 condemnabitur
499 2862 571 2948 ipso
590 2860 687 2942 lactc,
704 2868 738 2924 et
755 2859 975 2945 assignabitur
993 2859 1078 2945 parti
1096 2860 1223 2925 victrici
1244 2881 1306 2946 pro
1329 2860 1458 2928 obtento

207 2971 298 3054 j‘ure3
321 2965 494 3031 medietate
517 2963 623 3029 dictae
647 2963 805 3049 pecuniae
836 2960 1051 3028 beneficiariis
1081 2963 1255 3048 assignata,
1282 2963 1460 3051 etreliqua

212 3069 384 3136 medietate
425 3089 500 3134 cum
537 3066 717 3132 hereditate
757 3074 944 3132 remanente
985 3087 1086 3152 penes
1122 3074 1251 3152 partem
1296 3067 1459 3133 vicuicem

213 3171 361 3237 eandem.
407 3175 438 3254 ξ.
465 3170 516 3234 11.
539 3168 593 3234 Ad
614 3169 841 3234 executionem
860 3168 1039 3233 senmntiae
1063 3167 1258 3255 procedatur
1279 3191 1340 3255 per
1361 3171 1456 3236 moni.

212 3275 342 3357 tionem,
365 3271 586 3338 inductionem
616 3273 830 3357 possessionis
854 3280 887 3336 et
907 3273 1118 3352 taxationem,
1142 3279 1242 3357 prout
1263 3270 1346 3338 alias
1369 3294 1456 3359 anpe-

212 3379 279 3444 rius
301 3377 335 3442 in
357 3397 456 3442 causa
477 3374 573 3462 spolii
595 3383 628 3440 et
650 3370 810 3440 similibus
833 3375 1023 3440 continetur.
1060 3379 1090 3457 §-
1116 3375 1164 3440 12.
1188 3373 1224 3441 Si
1246 3374 1333 3448 forte
1353 3375 1457 3464 aliqua

211 3479 361 3568 parfittm,
384 3481 503 3545 actoris
525 3477 578 3544 vel
601 3479 658 3555 rei,
681 3479 716 3543 in
738 3479 884 3542 terminis
917 3500 1116 3564 comparens,
1140 3477 1334 3566 allegaverit
1369 3478 1455 3545 hare·

211 3581 355 3666 unum,
388 3601 486 3668 super
517 3603 583 3668 qua
620 3581 843 3647 controversia
883 3582 1031 3658 vertinrr,
1065 3603 1100 3646 se
1141 3585 1259 3648 emisse
1294 3591 1330 3648 et
1362 3603 1455 3669 super

211 3687 375 3774 emptione
403 3684 611 3771 fidejussores
645 3705 705 3750 seu
736 3683 969 3770 disbrigatores
1002 3684 1132 3762 babere,
1156 3707 1236 3771 quos
1259 3684 1401 3752 intendit
1417 3685 1451 3748 in

206 3787 331 3876 judicio
365 3787 471 3853 dictae
506 3809 623 3852 causae
660 3786 846 3853 defensores
881 3809 957 3852 suos
990 3786 1181 3873 producere,
1217 3797 1251 3854 et
1283 3797 1452 3875 propterea

211 3891 381 3978 pecuniam
402 3892 437 3955 'm
459 3888 685 3956 traditionibus
715 3887 917 3976 designatam
949 3900 1077 3955 recuset
1109 3889 1241 3957 offerre:
1282 3911 1350 3956 non
1381 3889 1452 3956 ideo

210 4015 285 4081 pars
307 3993 410 4059 altera
431 4000 615 4070 excusatur,
638 3993 666 4057 si
686 3993 721 4058 in
744 3990 907 4059 oblatione
939 3994 1096 4080 pecuniae
1120 4014 1180 4079 per
1203 4013 1275 4060 eam
1297 3995 1334 4058 in
1355 3991 1450 4058 tradi·

210 4097 351 4163 tionibus
385 4097 592 4181 consignatae
626 4097 753 4162 omittat
785 4095 963 4182 procedere
996 4098 1080 4162 sicut
1101 4095 1205 4179 decet,
1228 4097 1293 4162 nisi
1317 4097 1359 4162 de
1379 4115 1450 4162 con·

210 4223 307 4266 sensu
325 4201 446 4288 judicis
469 4211 502 4266 at
522 4199 664 4286 partium
685 4197 864 4266 earundem
887 4201 1050 4268 communi
1069 4201 1166 4266 luerit
1185 4201 1270 4266 inter
1289 4221 1346 4266 eas
1367 4197 1450 4264 aliud

211 4302 404 4370 ordinatum.

727 4519 932 4535 Ἣ·
