3082 5128
452 497 576 548 xxxru.
596 499 699 549 sutura
717 499 886 551 misinensis
902 499 924 552 1.
1236 489 1308 558 569

60 685 128 748 nisi
151 693 276 750 tantum
302 686 486 772 triennalis3
521 699 553 752 et
575 689 732 775 imputent
762 711 840 754 auae
866 689 1017 776 pigritiae
1049 711 1159 754 omnes
1183 690 1310 755 desides

61 798 96 852 et
120 788 209 872 lenti,
232 791 336 876 quiin
353 792 403 856 sui
428 791 538 858 damni
558 794 802 880 recuperatione
826 795 957 859 minime
969 796 1153 859 curaverint
1165 795 1314 880 vigilare.

94 927 147 991 De
164 930 277 1014 peteris
300 929 441 1016 lepitimo
464 943 565 996 astute
590 933 780 1016 carentibus,
805 935 860 1018 qui
884 933 927 996 ad
940 933 1075 1018 judicia
1099 935 1277 1001 trabuntur.

156 1059 229 1124 110.
254 1059 289 1124 Si
307 1061 537 1149 cujuscumque
560 1063 651 1149 pueri
674 1061 859 1150 impuberes
882 1073 956 1128 anta
980 1045 1154 1149 legitimam
1174 1074 1309 1128 aetatem

63 1163 107 1226 ad
128 1163 254 1248 judicia
276 1163 446 1230 trahuntur
468 1189 564 1252 super
587 1161 782 1232 hereditaria
805 1170 1001 1254 quaestione,
1032 1179 1063 1233 et
1086 1167 1127 1232 ob
1150 1167 1309 1233 desectum

63 1269 184 1332 aetatis
218 1291 290 1333 cum
318 1279 426 1334 actore
455 1269 542 1335 litem
573 1271 744 1336 contestari
778 1283 949 1358 nequeunt,
982 1282 1112 1359 propter
1140 1272 1235 1358 quod,
1268 1297 1310 1338 ex

62 1372 312 1438 interlocutione
342 1373 474 1460 judicis,
508 1373 576 1439 litis
608 1371 796 1442 contestatio
828 1399 930 1463 usque
971 1375 1011 1441 ad
1056 1385 1193 1440 aetatem
1225 1373 1311 1441 debi-

65 1491 135 1542 tam
159 1477 287 1544 illorum
318 1501 490 1566 puerorum
514 1489 714 1566 prorogatur,
750 1489 783 1545 et
815 1481 967 1546 dilatione
990 1479 1160 1568 pendente,
1190 1480 1311 1567 aliquot

61 1583 142 1647 anni
166 1581 299 1648 effluere
311 1593 568 1672 consueverunt3
593 1583 710 1672 quibus
734 1595 809 1650 tunc
837 1586 946 1672 pueris
970 1583 1147 1670 legitimum
1170 1595 1308 1650 aetatem

63 1687 311 1772 attingentibus,
358 1691 384 1752 si
418 1691 562 1778 quaestio
598 1688 711 1755 eadem
746 1691 826 1777 ipsis
859 1691 1042 1771 innovatur,
1089 1691 1311 1777 exceptionem

65 1789 332 1878 praescriptionis
368 1792 465 1858 iidem
498 1794 791 1882 pueriagentibus
829 1793 868 1860 de
899 1817 944 1876 se,
990 1793 1118 1859 illorum
1145 1816 1311 1878 annorum,

62 1894 184 1982 quibus
208 1896 362 1962 induciati
374 1896 685 1985 fuerunt,'opponere
702 1921 766 1964 non
781 1897 943 1984 valebunt,
967 1897 1025 1962 sed
1045 1907 1169 1963 tantum
1183 1909 1311 1963 utentur

65 2000 196 2065 illorum
221 1999 343 2066 dierum
368 2003 630 2090 praescriptione,
667 2003 694 2066 si
721 2025 785 2090 qua
812 2003 873 2067 fuit
906 2001 992 2089 apud
1015 2003 1102 2089 ipsos
1127 2001 1178 2067 vel
1202 2025 1311 2067 eorum

64 2104 300 2190 progenitores,
336 2114 507 2194 antequam
538 2106 674 2172 fuissent
702 2108 805 2194 primo
828 2105 870 2170 ad
902 2105 1055 2192 judicium
1080 2127 1176 2193 super
1199 2105 1315 2170 eadem‘

66 2231 168 2273 rausa
190 2211 324 2273 evocati.

465 2349 513 2414 De
536 2349 642 2414 vidais
664 2359 720 2414 out
742 2351 916 2414 emutatis.

159 2461 230 2526 111.
265 2459 372 2542 Quum
396 2461 493 2526 realis
516 2461 680 2526 distinctio
703 2484 914 2549 personarum
936 2460 1102 2546 habeatur,
1127 2463 1311 2549 intorques

67 2565 231 2654 quaedam
254 2587 410 2651 personae
433 2564 545 2649 libere,
568 2575 604 2630 ut
615 2566 765 2648 virorum,
789 2565 923 2631 aliarum
940 2575 1055 2643 autem,
1098 2576 1133 2632 ut
1144 2566 1312 2631 mulierum

67 2671 177 2734 minue
202 2667 301 2734 libere
323 2692 421 2755 agere
444 2671 568 2756 possint
591 2671 623 2735 in
647 2669 778 2756 judicio,
803 2691 902 2756 super
923 2669 1020 2735 rebus
1037 2679 1070 2734 et
1081 2669 1312 2736 hereditatibus

67 2775 150 2860 ipsis
179 2773 296 2839 debitis
323 2777 391 2839 sive
419 2772 586 2858 obligatis3
610 2783 740 2862 propter
770 2774 857 2860 quod
887 2775 1071 2839 statuimus:
1106 2773 1151 2838 Ut
1180 2775 1258 2838 viris
1281 2784 1313 2838 et

66 2876 221 2942 masculis
244 2881 454 2965 praescriptio
466 2877 633 2944 triennalis
656 2887 777 2944 tantum
792 2889 916 2962 currat,
940 2877 1045 2943 viduis
1065 2897 1143 2944 vero
1162 2901 1220 2943 sex
1232 2879 1307 2942 anni

66 2991 202 3069 propter
231 2980 435 3068 fragilitatem
465 3005 572 3064 sexus,
601 2984 633 3048 in
661 2983 913 3070 praescriptione
945 2993 1164 3068 opponantur;
1186 2981 1311 3046 mulieri

67 3097 180 3150 autem
210 3087 386 3170 maritatae,
418 3109 491 3152 cum
519 3109 583 3152 non
606 3086 725 3152 habeat
754 3088 803 3152 sui
831 3088 932 3172 ipsius
955 3083 1088 3150 liberam
1121 3093 1311 3172 potestatem

68 3201 204 3281 propter
226 3191 385 3272 maritum,
410 3189 523 3257 decern
546 3192 621 3256 anni
647 3199 778 3256 currant
800 3193 832 3256 in
856 3189 1118 3277 praescriptione.

301 3333 350 3395 De
373 3332 542 3394 calrrmniis
565 3331 694 3394 erimine
718 3329 881 3394 booeieiole'i
904 3331 1091 3393 accusantis.

160 3445 230 3510 112.
255 3443 299 3509 Ut
322 3443 489 3509 calumniis
512 3441 669 3508 malorum
689 3443 850 3508 hominum
875 3443 978 3506 omnis
1002 3443 1055 3506 via
1070 3441 1312 3528 praecludatur3

70 3557 312 3616 consueverunt
346 3547 463 3613 etenim
498 3546 629 3633 quidam
669 3545 803 3612 multum
839 3547 969 3631 litigiosi
1000 3544 1195 3611 calumniose
1226 3545 1312 3608 viros

72 3659 264 3720 innocentes
282 3653 321 3717 de
337 3651 470 3717 erimine
488 3649 652 3716 homicidii
670 3650 831 3716 commissi
849 3659 923 3715 ante
940 3647 1056 3714 multos
1073 3671 1183 3725 annos,
1199 3671 1312 3736 queru-

71 3760 143 3825 losa
166 3780 327 3842 accusare,
353 3758 443 3844 cujus
462 3755 608 3841 probatio
631 3754 684 3820 vel
706 3755 855 3841 purgatio
869 3763 1000 3841 propter
1019 3762 1207 3818 vetustatem
1227 3753 1312 3825 sacti,

69 3863 180 3932 facilis
203 3861 314 3936 haberi
338 3883 401 3926 non
424 3869 543 3947 potest3
578 3859 663 3924 unde
686 3860 871 3923 statuimus:
905 3857 950 3923 Ut
973 3859 999 3921 si
1023 3861 1094 3944 quis
1117 3856 1157 3922 de
1180 3859 1313 3921 crimine

70 3966 242 4033 homicidii
276 3964 346 4034 vult
377 3987 473 4050 agere
495 3974 551 4029 aut
579 3983 741 4048 accusare,
776 3964 909 4050 cupiens
938 3984 1074 4049 poenam
1106 3961 1218 4048 capitis
1249 3960 1311 4025 sibi

70 4071 249 4136 vendicare
272 4078 304 4135 et
326 4069 482 4154 obtinere,
502 4078 673 4155 antequam
696 4079 761 4133 tres
785 4069 860 4132 anni
885 4066 1147 4132 elabantnradie
1168 4066 1312 4130 criminis

70 4176 245 4258 commissi,
269 4174 386 4240 hocin
406 4173 565 4261 judicium
577 4172 730 4256 deducat;
754 4171 843 4250 alias,
866 4172 969 4238 tribus
991 4171 1084 4236 annis
1100 4169 1228 4256 elapsis,
1251 4192 1314 4255 pe-

70 4281 151 4346 tenti
175 4289 207 4345 et
229 4281 337 4366 agenti
360 4301 417 4366 pro
440 4279 545 4363 capite
567 4275 708 4341 obstabit
736 4278 885 4364 exceptio
897 4274 1157 4362 praescriptionis
1177 4272 1313 4359 objecta.

1262 4345 1358 4432 f&

406 4418 455 4482 De
480 4419 634 4482 sententio
651 4439 713 4503 per
728 4415 871 4500 judicem
893 4415 972 4481 latu.
1359 4430 1416 4517 *N

164 4532 236 4596 113.
260 4531 368 4612 Quum
390 4533 423 4597 in
436 4553 602 4595 causarum
628 4529 831 4619 processibus
853 4527 940 4615 apud
957 4527 1064 4613 justos
1084 4523 1211 4614 judices

75 4637 195 4705 habeat
217 4637 388 4701 vendicare
412 4635 530 4718 odium,
555 4632 606 4698 vel
630 4633 721 4698 lavor
733 4654 898 4720 usurpare,
922 4633 1017 4696 timor
1040 4629 1182 4718 praeval‘

128 4762 201 4812 Slov.
220 4759 337 4826 Zakony.
1058 4721 1106 4792 72
