3082 5128
259 387 333 458 562
635 401 757 458 xxxur.
776 403 880 458 saura
898 404 1070 458 wrsnssnsa
1085 407 1107 458 1.

259 589 384 657 literam
418 590 623 677 obligationis
664 601 811 660 mumant
842 595 1005 681 pecunias,
1047 594 1262 660 sustinuerint
1295 593 1384 662 infra
1422 595 1499 662 dnos

257 717 360 760 annos
393 719 487 762 suum
520 696 706 782 debitorem,
741 719 800 785 pro
830 720 928 764 usura
956 709 1159 765 accrescente
1181 707 1214 764 et
1236 721 1295 786 pro
1325 699 1497 787 principali

260 798 369 865 debito
392 799 434 866 ud
455 801 614 890 judicium
641 824 704 867 non
734 813 961 890 provocantes:
996 813 1114 871 extunc
1146 805 1216 892 ipso
1249 805 1336 870 facto
1365 827 1497 870 usuram

257 915 492 972 accrescentem
514 905 648 972 ulterius
670 919 743 996 post
764 906 844 973 duos
867 929 967 974 annos
990 910 1135 973 amittere
1157 907 1287 993 debent,
1311 919 1343 974 et
1370 917 1496 975 tanturn

257 1007 298 1074 de
320 1008 489 1095 principali
523 1019 609 1076 sorte
642 1021 673 1075 et
695 1011 735 1076 de
757 1033 855 1077 usura
870 1013 940 1098 jam
963 1019 1057 1078 aucta
1078 1011 1162 1078 inira
1190 1012 1398 1100 praedictum
1422 1022 1495 1077 tem·

255 1134 316 1199 pus
339 1113 404 1178 siut
426 1117 576 1181 contenti.
600 1115 713 1203 Neque
735 1138 793 1203 per
819 1116 953 1180 eandem
976 1115 1099 1182 literam
1124 1116 1330 1203 obligationis
1351 1118 1496 1204 poterint

256 1215 454 1303 obligantem
476 1217 686 1286 effectualiter
707 1241 901 1303 ammonere,
924 1241 985 1287 nec
1007 1219 1167 1306 obligatus
1190 1229 1285 1304 stare,
1308 1229 1428 1287 tenere
1448 1221 1495 1284 vrl

257 1319 430 1388 observare
452 1323 530 1410 ipsis
552 1332 679 1390 tenetur
701 1347 792 1392 suam
815 1324 1041 1410 obligationem
1064 1324 1116 1390 rel
1139 1327 1339 1413 promissum.

521 1465 570 1528 De
592 1464 660 1530 illis
683 1466 739 1552 qui
759 1465 904 1552 inferunt
924 1465 1043 1530 dartana
1064 1467 1101 1530 ira
1120 1467 1217 1553 qajis.

342 1593 391 1658 84.
427 1593 567 1676 Quidam
600 1594 641 1660 de
671 1594 812 1684 ipsorum
844 1595 980 1664 audacia
1001 1594 1136 1662 multum
1158 1603 1418 1684 praesumentes,
1454 1599 1495 1660 in·

258 1705 379 1764 nantes
391 1698 505 1764 silvam
522 1698 574 1764 vel
592 1699 702 1789 gajum
717 1699 863 1786 alicujus,
876 1709 1003 1787 praeter
1024 1700 1147 1766 domini
1168 1698 1382 1783 voluntatem,
1405 1723 1495 1789 quer·

255 1823 313 1868 cus
336 1801 490 1868 excidunt
512 1803 670 1885 meliores,
693 1803 812 1869 nullam
836 1826 972 1892 poenam
989 1805 1082 1890 sequi
1106 1827 1147 1870 ex
1164 1803 1226 1870 hoo
1247 1804 1496 1892 praetendentes

255 1907 447 1972 Statuimus:
472 1907 515 1973 Ut
544 1909 570 1972 si
594 1909 665 1995 quis
688 1909 837 1974 inciderit
856 1929 1009 1996 quercum
1031 1910 1065 1974 in
1088 1909 1180 1974 bonis
1207 1905 1331 1992 alienis,
1356 1908 1488 1974 domino

256 2010 370 2090 invito,
404 2011 563 2078 valentem
586 2013 627 2078 ad
649 2035 755 2096 axem,
786 2023 842 2078 aut
863 2012 903 2079 de
926 2011 1103 2080 minoribus
1132 2012 1314 2101 quercubus
1337 2011 1391 2078 vel
1420 2012 1489 2077 aliis
1534 2041 1535 2050 ¹

253 2109 482 2199 lignaminibus
494 2139 620 2182 currum
634 2118 813 2205 repleverit,
831 2139 978 2204 poenam,
1003 2139 1085 2204 quae
1097 2117 1213 2183 dicitur
1224 2139 1324 2184 aaascz
1337 2140 1493 2206 prasiaca,

256 2217 307 2284 illi
328 2218 444 2304 solvat,
467 2222 500 2286 in
524 2221 615 2308 cujus
638 2221 779 2288 dominio
803 2231 876 2288 sunt
898 2223 1007 2288 incisa.

598 2361 662 2436 Qus
677 2360 846 2448 frumenta
867 2371 955 2426 nocte
975 2360 1141 2426 nabtrabit.

339 2490 391 2557 85.
414 2489 458 2556 Et
480 2491 554 2556 lieet
577 2491 730 2558 canonica
752 2493 875 2557 sanctio
894 2489 1157 2579 depopulationes
1180 2512 1333 2577 agrorum
1356 2489 1492 2555 multum

243 2589 328 2660 ¹odio
350 2593 478 2677 habeat,
509 2604 615 2660 amen
638 2598 826 2662 temerarios
848 2619 869 2660 a
890 2596 974 2661 malo
1002 2618 1066 2660 non
1088 2605 1228 2677 revocat,
1263 2594 1324 2658 nisi
1356 2591 1493 2660 addatur

254 2708 386 2785 torques
408 2700 442 2764 in
466 2697 548 2764 colla
570 2700 712 2786 ipsorum
745 2709 777 2764 et
810 2698 978 2787 temporali
1001 2697 1170 2787 disciplina
1192 2699 1283 2785 impii
1305 2699 1489 2787 puniantur.

254 2803 390 2889 Propter
417 2802 502 2890 quod
516 2803 700 2868 statuimus:
721 2801 765 2868 Ut
788 2804 815 2867 si
837 2802 972 2892 alicujus
992 2802 1110 2885 militis,
1136 2801 1293 2890 [praelati
1316 2801 1416 2888 civis]
1443 2816 1491 2866 sut

255 2905 386 2972 alterius
409 2905 545 2971 hominis
564 2905 718 2994 simplicis
733 2905 917 2990 familiares,
931 2907 1089 2972 frumenta
1101 2907 1141 2972 de
1163 2915 1257 2973 nocte
1279 2907 1489 2972 kmetbonum

256 3009 308 3075 vel
330 3031 592 3100 quorumeunque
614 3012 802 3098 receperint,
826 3009 949 3077 licitum
966 3013 1007 3076 sit
1033 3012 1162 3077 domino
1179 3009 1331 3076 frumenti
1353 3021 1413 3076 aut
1430 3013 1490 3074 suis

255 3115 357 3178 servis
379 3113 431 3180 vel
453 3115 574 3198 amicis,
599 3117 669 3200 ipsa
691 3112 869 3200 defensare,
893 3135 992 3202 equos
1015 3115 1238 3202 recipientium
1259 3115 1311 3180 vel
1341 3113 1425 3180 alias
1442 3135 1488 3178 res

254 3215 354 3282 libere
382 3240 438 3304 pro
467 3241 501 3282 se
529 3218 649 3284 tollere.
693 3219 785 3284 Etsi
816 3220 998 3309 quempiam
1029 3231 1105 3286 tunc
1135 3219 1299 3302 occiderit,
1334 3220 1489 3306 impunite

253 3320 401 3386 volumus
430 3323 534 3409 ipsum
557 3325 767 3410 pertransire3
798 3322 962 3389 dominum
984 3345 1061 3388 vero
1084 3321 1183 3405 illum,
1217 3322 1257 3388 de
1280 3323 1371 3409 cujus
1398 3323 1487 3387 domo

253 3427 424 3491 exiverunt
446 3425 525 3492 tales
546 3426 818 3515 depopulationes,
835 3429 868 3492 in
891 3450 1010 3516 poenas
1033 3428 1125 3495 nobis
1138 3427 1421 3515 pamanadzsrcea
1440 3425 1486 3489 de·

254 3530 413 3596 cernimus
435 3529 596 3596 incidisse.
631 3530 673 3596 Et
695 3532 722 3595 si
744 3527 953 3596 vulnerarent
972 3541 1029 3596 aut
1050 3531 1236 3597 occiderent
1257 3531 1485 3596 frumentorum

256 3633 467 3718 defensorem,
502 3633 628 3700 solvant
654 3634 790 3700 vulnera
818 3632 915 3716 laeso,
951 3635 1004 3701 vel
1026 3645 1121 3722 caput
1150 3635 1257 3722 pueris
1280 3633 1332 3700 vel
1365 3635 1486 3714 andeis,

255 3760 328 3804 cum
350 3739 462 3827 poenis
485 3740 690 3826 praenotatis.

665 3880 715 3944 De
737 3879 1069 3966 improperationibus.

340 4011 390 4076 86.
425 4007 584 4090 Quoniam
612 4011 715 4076 omnis
743 4007 919 4076 scurrilitas
946 4007 1118 4075 verborum
1143 4017 1176 4074 et
1196 4007 1428 4096 turpiloquium
1449 4005 1485 4072 ad

253 4117 343 4180 rixas
372 4112 518 4180 homines
548 4121 770 4200 provocantes,
803 4111 891 4199 apud
912 4113 1072 4179 virtuosos
1095 4111 1215 4178 debem
1243 4133 1306 4177 non
1329 4111 1486 4178 immerito

254 4219 379 4302 evitari,
402 4225 497 4306 atque
519 4239 585 4286 non
606 4215 707 4302 aliter,
731 4217 794 4282 nisi
810 4224 896 4282 metu
908 4238 1043 4303 poenae,
1065 4215 1258 4304 quandoque
1273 4214 1372 4301 aliqui
1389 4239 1413 4280 a
1426 4214 1485 4280 tali·

253 4323 314 4389 bus
327 4321 548 4410 prohibentur,
566 4320 651 4388 unde
673 4318 839 4387 volumus:
864 4317 915 4404 Ut,
936 4321 964 4387 si
986 4321 1146 4409 quispiam
1157 4317 1406 4406 linguamsusm
1429 4341 1485 4384 non
1530 4319 1531 4378 ξ

253 4426 431 4510 refrenans,
464 4427 493 4492 si
514 4425 631 4492 nobilis
654 4425 753 4490 nobili
776 4427 1054 4512 improperaverit,
1088 4445 1234 4490 asserens
1261 4423 1366 4510 ipsum
1389 4423 1484 4488 filium

255 4531 443 4614 meretricis,
465 4530 614 4598 etenum
638 4551 702 4596 noa
725 4535 864 4614 revocat,
889 4537 1028 4594 autnon
1052 4537 1157 4614 negat,
1170 4526 1255 4615 quod
1271 4525 1363 4612 dixit,
1386 4549 1485 4614 neque
