3070 5118
380 442 479 496 xm.
496 442 666 512 Privitegium
683 445 927 500 tenementum.
1192 434 1266 506 497

9 625 48 689 in
75 648 154 712 qun.
178 627 298 696 furtum
333 630 506 715 invenitur,
529 631 719 720 publicetur,
742 633 868 699 vicinae
890 655 969 700 vero
992 633 1110 702 'domus
1132 637 1166 702 in
1187 659 1267 724 pecc

9 743 257 816 permaneant,
290 747 425 821 poenum
458 746 579 832 temen,
620 737 743 804 scilicet
775 735 860 804 000
898 738 1056 823 denarios,
1091 763 1163 806 oum
1197 742 1267 807 aliis

8 835 234 920 persolvant.

110 945 171 1010 16.
206 945 300 1010 Hunc
331 954 439 1011 eutem
475 968 613 1033 poenum
652 946 805 1013 alleviare
841 946 999 1032 volumus,
1035 971 1098 1036 que
1134 951 1262 1038 quando

9 1051 91 1136 quis
128 1050 389 1117 interficiebatur
417 1052 449 1116 in
481 1050 588 1140 alique
619 1050 698 1117 ville
718 1061 751 1118 et
771 1051 957 1118 interfector
984 1075 1049 1120 non
1071 1054 1265 1142 cupiebatur,

10 1153 169 1241 quilibet
202 1155 339 1222 rusticus
361 1157 395 1221 in
418 1155 473 1222 00
496 1156 635 1222 denariis
669 1155 896 1244 condempnari
925 1155 1061 1240 solebet3
1095 1181 1180 1225 nunc
1208 1181 1266 1226 uos

9 1259 140 1325 mitius
173 1270 307 1346 agentes
340 1282 413 1326 curn
446 1261 503 1346 eis,
533 1259 680 1328 volumus
714 1270 750 1326 ut
781 1271 849 1327 tote
881 1260 960 1328 ville
980 1263 1014 1328 in
1037 1261 1093 1328 00
1128 1264 1266 1330 denariis

11 1364 299 1452 condempnetur.

114 1469 172 1536 17.
207 1469 289 1536 Item
319 1471 393 1557 quie
421 1469 545 1537 nobiles
575 1478 679 1536 terrae
708 1478 820 1536 contre
841 1468 1038 1536 voluntatem
1060 1471 1211 1538 abbatum
1235 1482 1268 1537 et

11 1573 253 1660 praelatorum
270 1583 302 1640 et
324 1575 514 1640 clericorum
536 1573 671 1640 eliorum
694 1595 793 1661 equos
816 1596 890 1640 suos
913 1575 1090 1662 pascendos
1112 1578 1146 1640 in
1170 1578 1266 1643 cuniis

14 1700 143 1744 eorum
166 1689 304 1766 ponunt:
328 1679 383 1766 qui
404 1679 467 1744 nisi
489 1679 689 1765 resipiscant,
713 1701 812 1766 equos
835 1681 920 1766 ipsos
943 1663 983 1745 ad
1007 1701 1100 1746 usum
1122 1689 1266 1747 nostrum

14 1785 132 1870 recipi
155 1783 321 1850 faciemus.

117 1888 175 1954 18.
210 1887 384 1953 Statuimus
407 1889 539 1974 insuper
561 1896 594 1954 et
615 1887 763 1954 volumus
786 1911 857 1956 esse
878 1887 1015 1972 firmum,
1033 1896 1069 1954 ut
1086 1889 1266 1977 quicunque

16 2002 146 2058 contre
182 1992 394 2070 remissiones,
419 1993 643 2060 concessiones
665 2001 698 2059 et
719 1992 908 2059 donationes
940 1993 1122 2080 praedictus
1144 1992 1266 2082 aliquid

18 2098 287 2184 praesumpserit
304 2104 503 2184 attemptare,
515 2097 549 2162 in
560 2097 594 2162 X
612 2098 728 2164 mucis
746 2097 816 2164 euri
835 2098 984 2164 continuo
1003 2099 1264 2185 condempnetur,

21 2203 182 2289 quinque
202 2202 353 2286 injuriam
375 2223 471 2287 passo
495 2211 527 2266 et
548 2203 688 2288 quinque
710 2211 819 2268 nostro
842 2204 964 2266 aerario
987 2211 1164 2289 componat.

116 2306 170 2371 Ut
201 2313 307 2372 sutem
329 2327 482 2392 praesens
515 2305 720 2394 privilegium
743 2309 786 2374 sit
807 2305 840 2370 in
861 2314 1052 2392 perpetuum
1081 2305 1261 2394 valiturum,

18 2413 151 2478 nostris
177 2408 291 2494 sigillis
314 2409 448 2476 lecimus
470 2410 626 2476 roborari.

115 2520 204 2581 Acts
227 2524 301 2580 sunt
323 2515 402 2582 hese
432 2537 538 2582 uorem
561 2514 611 2580 his
633 2513 766 2580 letibus:
807 2511 951 2580 Delebor
969 2513 1083 2602 judex,
1105 2513 1263 2580 Martinus

18 2622 198 2707 pincerne,
221 2620 326 2701 Juros,
346 2617 536 2702 Bohuelaus‚
554 2617 704 2702 Zdeslau,
724 2617 831 2698 Ceste,
850 2617 1000 2702 Wsebor,
1019 2616 1137 2684 Zsuiee
1154 2617 1259 2705 judex

19 2723 218 2808 Nicholans,
249 2722 420 2806 Hridebor,
448 2723 547 2806 luen,
581 2722 759 2802 Oresisluu‚
792 2722 977 2788 Heinricus
1012 2722 1145 2810 dapifer,
1170 2721 1263 2788 Ooiet

20 2828 229 2916 subdepiler,
252 2829 423 2896 Heinricus
445 2827 530 2894 tilius
551 2825 707 2910 Bohutce,
731 2825 859 2898 Olrious
881 2825 968 2892 filius
989 2826 1092 2910 Jurio,
1114 2825 1264 2894 Zbremir

15 2935 127 3020 judex
154 2932 198 2998 de
219 2932 339 3000 Pliuen.

111 3037 240 3104 Datum
272 3037 398 3125 Pregee
431 3059 490 3126 per
521 3058 635 3104 munus
670 3035 775 3102 fidelis
813 3033 996 3102 cancellarii
1028 3037 1129 3103 nostri
1161 3034 1263 3101 Bene-

22 3143 104 3208 dicti
131 3151 168 3208 et
189 3143 361 3230 praepositi
384 3141 658 3209 Lutomiricensie.
702 3142 797 3206 Anno
828 3138 1006 3205 dominicae
1036 3139 1263 3206 incarnationis

20 3245 257 3330 mcum,
279 3245 459 3312 Indictione
480 3247 523 3316 X.
546 3269 657 3314 mense
678 3245 786 3312 Martii
808 3244 861 3310 die
883 3241 935 3324 X,
958 3265 1042 3310 sunu
1064 3265 1142 3310 vero
1171 3246 1264 3330 regni

22 3354 131 3420 nostri
157 3349 267 3416 XXV.

98 4699 168 4752 Sluv.
187 4699 307 4762 Ztlrony.
