3082 5128
209 401 285 472 544
586 413 710 464 xxxin.
730 413 835 464 statue
852 410 1024 463 wnuanaa
1041 411 1063 462 1.

206 609 269 671 tius
288 627 392 688 casus,
416 605 471 670 ubi
495 603 611 690 aliquis
633 601 811 689 injudicio
841 609 985 668 noenum
1015 602 1255 690 parvipendens
1274 600 1457 687 judicium,

205 708 335 776 cultello
369 708 421 775 vel
452 708 561 795 gladio
592 707 843 795 praesumpserit
874 705 1120 772 extrahendum.
1166 707 1307 788 Quartus
1340 727 1458 772 caus.

180 809 279 882 'cum
301 813 416 901 aliquis
442 812 608 901 judicatus
637 821 669 877 et
698 811 929 878 condemnatus
963 821 999 878 et
1028 811 1135 898 jussus
1160 811 1355 894 satisfacere,
1393 831 1458 897 per

204 920 416 986 sufficientem
439 919 621 983 cautionem
647 915 833 982 satisfacere
855 915 1092 1003 contempserit,
1116 925 1149 980 et
1178 914 1220 980 de
1241 914 1367 1003 judicio
1393 937 1458 1000 per

204 1048 295 1090 sunm
334 1021 542 1088 rebellionem
580 1020 772 1104 discesserit,
817 1043 883 1087 non
907 1021 1060 1108 praestita
1092 1018 1257 1107 praedicis
1288 1020 1456 1084 cautione.

204 1127 373 1211 Volumus,
407 1125 492 1214 quod
522 1125 689 1213 praedicte
720 1147 824 1213 poena
858 1127 891 1190 in
922 1126 1113 1213 praemissis
1143 1135 1278 1212 quatuor
1305 1123 1455 1205 casibus,

205 1249 237 1300 et
258 1257 323 1299 non
346 1235 381 1298 in
402 1231 486 1315 aliis,
509 1241 639 1298 nostrae
662 1253 809 1297 camerae
831 1230 1020 1320 applicetur.

313 1369 519 1438 Contumocic
540 1382 629 1435 ector
650 1393 713 1436 noo
730 1393 850 1458 perena
872 1393 1001 1436 coruom
1017 1373 1187 1458 proprium
1208 1371 1336 1436 nadad.

289 1503 340 1568 28.
364 1501 465 1566 Actor
483 1499 526 1566 ad
553 1523 682 1566 eausam
707 1501 892 1588 procurabit
917 1523 1008 1566 reum
1036 1501 1148 1586 citari;
1170 1521 1226 1566 reo
1248 1499 1282 1564 in
1303 1499 1449 1564 temrino

203 1616 408 1693 comparente
424 1613 456 1671 et
471 1615 579 1671 actore
603 1603 743 1670 totaliter
765 1604 910 1687 absente,
934 1603 1137 1672 decrevimus
1153 1603 1194 1670 ob
1211 1603 1454 1669 contumaciam

203 1714 331 1793 actoris,
357 1732 439 1798 quae
463 1719 512 1774 est
534 1711 637 1796 major
660 1733 758 1797 quam
783 1711 843 1795 rei,
865 1711 970 1797 ipsum
990 1733 1081 1774 reum
1104 1731 1233 1774 caumm
1256 1705 1455 1774 obtinuisse.

204 1819 237 1882 Si
268 1824 376 1881 autem
408 1837 483 1879 reus
513 1837 627 1901 parere
657 1815 690 1879 in
718 1815 854 1879 termino
882 1812 945 1879 sibi
978 1815 1141 1900 assignato
1175 1835 1239 1878 non
1273 1813 1454 1894 curaverit,

205 1929 314 1987 actore
336 1941 395 2006 per
418 1940 453 1984 se
494 1917 546 1984 vel
569 1941 664 1984 suum
686 1921 840 1984 nuncium
863 1929 1077 2006 comparente,
1111 1917 1322 1999 decernimus,
1355 1915 1455 2004 quod

204 2048 262 2112 pro
294 2023 478 2112 hujusmodi
516 2025 718 2089 contumacia
750 2045 824 2088 reus
848 2045 951 2110 poena
974 2022 1110 2088 duorum
1140 2023 1235 2088 boum
1263 2019 1454 2088 mulctetur.

275 2165 328 2228 De
349 2163 407 2228 illo
430 2166 486 2249 qui
508 2165 586 2228 citet
609 2164 747 2250 aliquem
763 2185 826 2250 pro
849 2163 1021 2230 hereditate
1043 2161 1157 2250 αὒιᾳιω
1179 2161 1288 2228 dedito
1309 2185 1377 2226 auo.

290 2293 341 2359 29.
376 2293 470 2359 Licet
498 2295 532 2359 in
561 2293 708 2381 pluribus
742 2293 872 2360 casibus
905 2292 1053 2358 celeritas
1087 2291 1337 2376 commendatur,
1370 2317 1452 2358 cum

204 2411 311 2464 tamen
350 2397 464 2464 eadem
507 2398 654 2463 celeritas
694 2399 749 2463 vel
789 2398 963 2464 celeritatis
1002 2395 1157 2463 sedulitas
1187 2397 1221 2462 in
1249 2395 1386 2484 judiciis
1420 2409 1455 2462 et

206 2503 312 2568 causis
333 2501 545 2589 expediendis
560 2501 796 2568 rationabiliter
814 2513 863 2567 est
878 2500 1112 2590 compedienda
1126 2503 1195 2566 sive
1210 2499 1451 2587 restringenda,

203 2631 244 2672 ex
256 2629 306 2690 eo,
330 2607 416 2694 quod
434 2605 635 2694 judicantem
662 2615 789 2693 oportet
810 2617 927 2674 cuncta
954 2607 1074 2690 rimari,
1098 2605 1237 2693 ideoque
1258 2605 1451 2670 statuimus:

203 2711 300 2793 Quod
322 2713 350 2775 si
373 2710 489 2798 aliquis
513 2733 610 2796 super
632 2709 762 2797 capitali
793 2710 988 2777 hereditaria
1017 2711 1215 2799 quaestione,
1250 2711 1363 2797 primo,
1400 2733 1449 2774 se·
1536 2687 1537 2710 Χ

203 2815 318 2898 cnudo,
342 2815 436 2881 tertio
460 2815 586 2897 citatus,
608 2835 674 2879 non
700 2817 917 2902 comparuerit
928 2814 996 2901 juri
1019 2814 1448 2881 conmmaciterintermino

202 2919 264 2984 sibi
285 2920 460 3005 assignato,
494 2929 530 2982 ut
551 2917 593 2984 ob
616 2920 849 2984 contumaciam
884 2919 1029 3006 ejusdem
1051 2919 1140 2986 citati
1172 2929 1263 2986 actor
1294 2918 1329 2985 iu
1350 2918 1448 2984 tertio

201 3024 337 3089 termino
352 3045 410 3110 per
427 3023 571 3110 judicem
589 3021 780 3089 decernatur
792 3034 824 3090 et
836 3023 1011 3090 diffiniatur
1027 3024 1263 3091 acsdmittatur
1284 3025 1318 3088 in
1334 3045 1448 3088 versor

203 3127 348 3215 ejusdem
363 3126 549 3192 hereditatis
562 3129 809 3214 possessionem,
833 3141 865 3194 et
880 3127 923 3194 ab
947 3130 1036 3194 omni
1053 3130 1129 3216 jure
1152 3127 1298 3217 ejusdem
1319 3126 1445 3194 hesdi-
1535 3169 1536 3180 .

201 3235 275 3296 tetis
312 3232 413 3318 ipsius
449 3231 593 3319 qualibet
624 3231 859 3318 vendicatione,
901 3255 959 3319 per
989 3231 1112 3321 judicis
1142 3233 1334 3300 annonam
1367 3255 1443 3298 reus

202 3336 394 3402 decernattu
428 3345 461 3400 et
499 3335 655 3402 cecidisse
687 3339 919 3425 pronuntietur.
964 3337 1001 3404 si
1036 3345 1142 3405 summ
1172 3339 1320 3425 quaestio
1349 3338 1448 3432 luerit

200 3439 390 3526 personalis,
424 3449 503 3527 puta
532 3461 591 3520 pro
620 3442 758 3528 pecunia
788 3441 897 3508 debita
919 3443 971 3508 vel
1002 3465 1059 3531 pro
1086 3442 1346 3530 quibuscumque
1371 3440 1446 3508 aliis

203 3544 300 3610 rebus
324 3543 485 3631 obligatis,
520 3555 553 3609 et
575 3547 688 3632 primo,
722 3545 875 3630 secundo,
906 3547 1001 3612 tertio
1023 3549 1161 3614 termino
1183 3548 1300 3613 citatus
1332 3569 1446 3634 parcre
1534 3611 1535 3618 ,

201 3651 428 3735 contempserit
450 3648 502 3715 vel
524 3647 705 3736 neglexerit
727 3652 761 3716 in
784 3652 921 3717 termino
943 3651 1006 3719 sibi
1022 3653 1197 3738 assignato,
1221 3649 1444 3718 deceruimus:
1534 3651 1535 3676 l

201 3752 297 3835 Quod
321 3753 459 3820 creditor
470 3777 745 3843 quarumcumque
765 3779 873 3822 rerum
886 3755 1109 3843 obligatarum,
1133 3767 1205 3844 post
1226 3757 1359 3823 tertium
1381 3765 1441 3822 ter·

199 3859 331 3942 minum,
366 3867 440 3944 post
462 3862 653 3925 sententiam
677 3859 808 3947 judicis,
840 3859 1039 3928 distrahendi
1063 3871 1095 3929 et
1116 3860 1281 3930 alienandi
1303 3863 1439 3928 auctori-

203 3970 267 4026 tate
295 3960 417 4049 judicis
446 3963 575 4050 plenam
597 3962 715 4031 habeat
736 3963 932 4033 facultatem.
977 3965 1028 4032 [ta
1057 3976 1174 4052 tamem
1211 3966 1299 4056 quod
1331 3965 1360 4031 si
1392 3989 1443 4030 res

200 4066 372 4134 distractae
406 4075 439 4130 et
475 4066 633 4134 alienatae
667 4071 875 4156 auctoritate,
912 4071 1045 4137 minoris
1079 4069 1199 4139 valoris
1236 4071 1444 4138 inveniantur
1533 4091 1534 4100 ³

201 4181 233 4236 et
266 4173 407 4243 existant
433 4181 578 4258 tempore
612 4171 814 4240 alienationis
849 4197 964 4241 causae
999 4177 1177 4255 evasionis,
1211 4197 1309 4264 quam
1349 4175 1445 4240 fuerit

200 4275 337 4362 pecunia
360 4273 504 4361 obligata
525 4277 594 4346 sive
618 4277 750 4358 eredita,
775 4281 889 4367 etipse
904 4279 1045 4346 creditor
1066 4303 1124 4367 pro
1141 4303 1268 4348 summa
1287 4281 1442 4369 pecuniae

199 4402 257 4466 per
286 4380 393 4466 ipsum
416 4379 549 4465 credita,
583 4380 773 4468 simpliciter
803 4392 835 4448 et
857 4384 926 4450 sinc
959 4384 1067 4473 aliqua
1098 4383 1246 4451 cautione
1279 4395 1443 4472 tamqnam
1532 4463 1533 4466 Ἴ

199 4504 257 4568 pro
281 4483 367 4547 dicta
389 4505 514 4550 summa
535 4487 690 4572 pecuniae
703 4485 832 4552 vadium
848 4490 1024 4576 receperit:
1047 4489 1185 4556 sufficiet
1208 4489 1281 4573 sibi,
1306 4499 1339 4555 et
1358 4487 1442 4576 quod

200 4582 288 4648 idem
312 4585 451 4650 creditor
474 4586 595 4652 desua
616 4587 813 4676 negligentia
837 4591 899 4658 sibi
923 4591 1053 4659 debebit
1074 4595 1244 4682 imputare.
1279 4593 1316 4660 Si
1335 4603 1441 4660 autern
