3082 5128
442 456 565 508 xxxin.
584 455 689 507 sarua
706 453 874 504 wislicsnsis
890 451 912 502 1.
1234 435 1309 509 557

55 659 90 715 et
128 673 191 716 nos
226 649 428 714 decernimus
459 653 613 734 perpetue
652 641 906 711 observandum:
951 639 996 706 Ut
1026 639 1109 706 tales
1146 638 1309 720 virginum

54 775 277 842 oppressores
299 761 355 817 aut
377 748 558 826 mulierum,
580 749 608 814 si
630 747 899 836 proclamaverint
920 747 953 812 in
975 744 1112 826 recenti,
1124 745 1200 832 jure
1222 742 1308 830 polo·

57 859 142 923 nico
165 880 274 923 coram
291 853 403 942 judice
426 853 620 940 competenti
642 861 812 918 teneantur
833 849 1029 938 respondere
1057 858 1090 916 et
1113 851 1309 931 sententiani,

61 963 141 1028 sive
164 961 283 1049 puniri,
300 960 398 1046 juxta
419 958 582 1024 commissi
605 956 747 1022 criminis
769 953 964 1042 qualitatem.

161 1102 212 1166 De
236 1099 382 1186 illisqui
402 1096 515 1161 babent
529 1099 588 1182 jue
610 1095 828 1159 theutonicum
849 1104 879 1158 et
900 1104 1034 1159 utuntur
1051 1093 1210 1182 polonico.

150 1230 205 1298 69.
228 1228 335 1312 Quum
358 1227 535 1294 secundum
546 1225 679 1292 Petrum
700 1223 890 1291 Sanctorum
914 1223 1044 1291 decreta
1066 1224 1121 1292 lex
1143 1225 1307 1324 decernat,

55 1337 136 1402 illos
160 1335 307 1401 amittere
317 1332 481 1421 privilegii
493 1331 726 1412 auctoritatem,
747 1329 802 1416 qui
824 1351 979 1395 concessa
1001 1328 1062 1396 sibi
1084 1352 1150 1397 non
1173 1338 1303 1397 utuntur

56 1449 233 1528 potestate,
267 1437 375 1525 plures
406 1445 481 1502 suut
509 1435 611 1502 nostri
644 1433 762 1500 milites
791 1435 846 1521 jus
886 1431 1108 1500 theutunicum
1147 1433 1303 1500 babentes

55 1547 91 1608 in
116 1541 229 1608 multis
258 1542 402 1629 ipsorum
423 1537 519 1622 villis,
543 1561 586 1604 ex
607 1545 718 1603 nostra
739 1546 795 1603 aut
816 1545 998 1604 nostrorum
1020 1535 1303 1624 praedecessorum

57 1649 170 1734 gratia
193 1647 239 1712 eis
265 1646 359 1730 facta,
391 1654 423 1710 et
457 1654 562 1709 tamen
588 1644 664 1731 jure
686 1643 872 1709 theutunicc
895 1643 1023 1727 omisso,
1058 1641 1233 1709 secundum
1251 1643 1307 1730 jus

58 1751 249 1839 polonicum
273 1773 307 1816 sc
330 1757 445 1835 regunt
466 1749 499 1813 in
519 1746 719 1834 quibusdem.
765 1741 958 1812 Statuimus:
977 1746 1073 1830 Quod
1093 1749 1121 1813 si
1143 1747 1178 1812 in
1199 1745 1307 1835 aliqua

60 1855 145 1922 villa
168 1853 260 1922 altresi
284 1854 404 1920 luerint
427 1854 504 1940 jure
526 1850 722 1934 theutunico,
757 1849 902 1938 amplius,
923 1872 982 1937 per
998 1852 1054 1938 jus
1085 1849 1307 1916 theutunicum

58 1967 179 2025 contra
218 1967 352 2044 agentes
382 1978 447 2023 non
475 1955 615 2043 poterint
637 1977 672 2022 se
695 1954 873 2020 defensare.
919 1953 1123 2043 Quapropter
1144 1953 1303 2038 volumus,
1373 1995 1378 2006 ·

57 2062 150 2151 quod
181 2062 238 2129 ubi
261 2061 383 2128 crimen
407 2069 456 2126 est
486 2061 701 2142 commissum,
724 2058 779 2125 illo
805 2058 887 2148 jure,
921 2081 984 2148 quo
1008 2057 1085 2126 villa
1107 2057 1219 2128 eadem
1243 2083 1302 2128 usa

57 2168 169 2252 fuerit,
193 2165 309 2233 debeat
326 2163 467 2254 judicari
489 2165 559 2231 sive
582 2163 755 2230 terminari.

59 2309 111 2372 De
134 2306 195 2372 illo
216 2307 272 2392 qui
294 2305 413 2370 citatur
434 2313 543 2369 contro
571 2327 662 2368 ruam
684 2303 893 2392 privilepium
921 2305 958 2369 in
978 2325 1171 2391 qwcumqua
1193 2327 1299 2370 causa

153 2435 205 2502 70.
238 2435 423 2516 Statuimus,
449 2433 535 2522 quod
558 2433 634 2499 dum
657 2433 773 2522 aliquis
796 2443 908 2500 contra
930 2457 1023 2500 suum
1046 2435 1249 2522 privilegium
1273 2439 1307 2503 in

60 2539 294 2628 qualicumque
316 2560 414 2604 causa
426 2539 551 2620 citatur,
573 2535 773 2624 perhibendo
796 2559 888 2604 suum
905 2535 1111 2627 privilegium
1127 2540 1306 2627 injudicio,

59 2665 265 2730 sexagenum
288 2643 423 2724 amittat,
447 2650 480 2706 et
501 2641 571 2729 ipse
592 2649 681 2707 actor
698 2641 793 2728 jussu
810 2643 930 2730 judicis
963 2647 1107 2710 renuerit
1123 2645 1246 2731 jurare,
1270 2667 1304 2709 se

61 2749 255 2826 nescivisse,
278 2769 368 2812 reum
388 2745 487 2811 fuisse
502 2745 738 2834 privilegiatum
761 2754 792 2811 et
815 2744 1020 2835 privilegium
1035 2745 1196 2826 babuisse,
1219 2757 1305 2814 tene-

61 2853 154 2918 bitur
177 2851 344 2917 restituere
367 2850 471 2915 cidem
484 2849 721 2916 actoreandem
736 2871 940 2936 sexagenum.
964 2851 1064 2917 Secus
1086 2861 1194 2919 autem
1216 2850 1305 2918 volu·

59 2980 148 3040 mus,
183 2954 300 3043 quodsi
317 2955 486 3042 juraverit,
520 2976 555 3020 se
586 2954 775 3037 nescivisse,
807 2977 897 3020 reum
925 2954 1025 3021 fuisse
1054 2954 1304 3042 privilegiatum.

65 3098 186 3162 Plures
207 3095 381 3160 knsctlroaer
414 3105 470 3158 aut
499 3094 622 3160 incolae
651 3095 688 3159 de
710 3117 776 3160 unc
804 3094 884 3160 villa
903 3117 968 3160 reon
987 3105 1122 3182 possunt
1136 3095 1241 3160 cedere
1262 3095 1306 3159 od

267 3197 370 3263 alium
389 3198 458 3263 sinc
479 3198 610 3281 domini,
633 3197 689 3264 sub
710 3220 770 3285 quo
793 3199 917 3288 clepunt,
940 3198 1108 3265 uoluntate.

158 3327 209 3393 ll.
232 3327 339 3408 Quum
357 3351 399 3392 cx
411 3329 612 3416 separatione
628 3327 828 3395 subditorum
846 3329 940 3395 bonis
958 3327 1160 3396 dominorum
1177 3331 1305 3418 saepius

58 3443 197 3499 luorum
219 3430 432 3515 desertautur,
466 3431 556 3498 nulla
577 3455 676 3500 causa
697 3432 841 3519 legitima
861 3434 1086 3522 persuadente,
1117 3435 1221 3500 visum
1245 3433 1305 3498 fuit

57 3537 182 3604 nostris
216 3534 403 3619 baronibus,
437 3536 512 3602 huic
541 3537 684 3624 periculo
714 3559 779 3603 non
808 3540 949 3624 segniter
982 3537 1123 3603 obviare.
1168 3537 1305 3626 Propter

57 3641 149 3730 quod
172 3649 283 3706 nostra
294 3639 460 3706 voluntate
473 3652 522 3706 est
543 3641 741 3707 institutum:
763 3641 810 3707 Ut
821 3663 885 3707 non
906 3640 1017 3729 plures
1039 3639 1230 3708 kmetbones
1249 3651 1305 3707 aut

57 3744 188 3811 incolae
210 3743 251 3809 de
268 3767 332 3811 una
354 3743 433 3812 villa
454 3743 585 3812 insimul
607 3747 732 3834 possint
747 3746 789 3812 ad
805 3745 901 3811 aliam
923 3743 1034 3812 villam
1056 3745 1215 3829 recedere,
1240 3747 1302 3812 nisi

58 3873 145 3915 unus
169 3848 221 3914 vel
244 3847 317 3928 duo,
343 3859 471 3938 praeter
493 3848 613 3915 domini
635 3849 720 3916 illius
743 3849 849 3934 villae,
883 3851 1003 3938 inqua
1027 3848 1161 3936 degunt,
1190 3848 1303 3915 volun·

57 3964 135 4036 tate,
160 3953 222 4018 nisi
245 3955 277 4018 in
302 3954 406 4020 causis
429 3977 486 4020 scu
507 3954 635 4020 casibus
657 3953 707 4020 bis
731 3956 885 4042 exceptis,
909 3963 960 4021 ut:
984 3953 1020 4021 Si
1036 3953 1184 4020 dominus
1206 3953 1303 4020 villae

59 4058 222 4146 opprimat
233 4055 332 4122 filiam
344 4067 400 4122 eut
409 4080 543 4124 uxorem
556 4058 816 4143 kmetbonissui3
839 4068 894 4125 aut
909 4083 951 4126 ex
962 4080 1116 4147 processu
1132 4059 1200 4124 sive
1210 4057 1305 4146 culpa

58 4159 190 4228 heredis
202 4159 332 4244 ibidem,
345 4160 455 4228 villani
466 4161 557 4228 bonis
577 4163 720 4250 ipsorum
733 4162 988 4250 depraedantem
1016 4161 1070 4230 vel
1089 4163 1123 4227 iu
1146 4163 1304 4227 sententia

63 4265 406 4332 excommunicationis
436 4289 494 4354 per
522 4290 641 4334 annum
664 4267 781 4333 durent
813 4267 863 4334 sui
885 4267 1006 4334 domini
1028 4289 1070 4334 ex
1094 4264 1220 4332 delicto.
1265 4265 1303 4330 Iu

59 4369 178 4436 talibus
202 4369 331 4436 casibus
352 4393 418 4436 non
438 4380 559 4436 tantum
575 4381 640 4438 tres
656 4371 709 4438 vel
731 4381 867 4459 quatuor
890 4371 1034 4460 ejusdcm
1055 4368 1152 4437 villae
1175 4369 1300 4436 incolae

59 4473 150 4540 abire
163 4483 307 4562 possunt,
327 4474 386 4540 sed
398 4497 508 4541 omnes
523 4473 737 4542 inhabitantes
751 4476 870 4544 ibidern
883 4475 1059 4560 discedant,
1075 4497 1137 4563 quo
1149 4472 1300 4562 placebit.
