3070 5118
742 1427 969 1508 XXX.

327 1585 618 1690 Decretum
655 1587 994 1691 comitiorum
1030 1587 1184 1722 regni
1220 1587 1451 1693 Boemia

753 1776 826 1846 cc.
865 1744 1016 1847 1266.

349 1983 513 2050 Otalrarus
544 1983 596 2050 dei
629 1985 733 2069 gratia
762 2005 822 2049 rex
844 1981 1019 2050 Bohemiae
1049 1984 1198 2050 omnibus
1230 1985 1265 2051 in
1296 1995 1495 2073 perpetuum

348 2088 470 2174 Regiae
492 2085 585 2154 nobis
610 2088 776 2174 dignitatis
799 2087 946 2155 claritate
981 2087 1179 2174 fulgentibus
1208 2087 1292 2154 illud
1324 2092 1495 2177 praecipue

265 2192 380 2257 cedere
402 2213 465 2257 non
489 2191 708 2278 imprudenter
729 2193 899 2280 opinamur
920 2192 961 2257 ad
984 2191 1129 2278 gloriam,
1149 2194 1178 2258 si
1199 2191 1242 2257 ad
1264 2215 1305 2258 ea
1327 2193 1496 2279 diligenter

263 2304 392 2362 nostrae
414 2295 531 2362 mentis
565 2295 734 2382 dirigimus
767 2299 882 2378 aciem,
911 2318 970 2384 per
991 2317 1075 2383 quae
1103 2298 1197 2383 regni
1229 2299 1336 2367 nostri
1358 2296 1494 2364 habenas

261 2401 395 2466 rationis
418 2399 606 2465 liberamine
628 2400 852 2484 moderandas,
884 2423 949 2467 non
979 2401 1119 2483 casibus,
1141 2400 1228 2467 felici
1249 2399 1425 2469 valeamus
1446 2425 1494 2466 re-

261 2505 381 2590 gimine
404 2503 575 2570 salubriter
595 2504 786 2590 gubernare.
808 2503 949 2571 Provida
961 2506 1058 2592 igitur
1081 2505 1291 2572 meditatione
1313 2515 1494 2593 pensantes,

261 2609 347 2694 quod
370 2608 430 2675 boc
453 2607 647 2674 laudabilius
669 2610 703 2674 iu
726 2619 831 2675 actum
855 2608 991 2695 produci
1013 2631 1078 2675 non
1100 2619 1215 2695 potest,
1238 2631 1341 2697 quam
1364 2613 1394 2676 si
1417 2610 1494 2676 falce

256 2712 578 2800 justitiaebominnm
590 2713 819 2781 sceleratorum
838 2713 999 2780 recidatur
1011 2715 1216 2802 perversitas,
1240 2716 1299 2801 qui
1310 2736 1494 2780 communes

261 2816 449 2883 excessibus
472 2817 505 2882 in
524 2828 610 2884 statu
631 2816 798 2904 tranquilli
820 2819 989 2904 pernitiem
1025 2817 1208 2902 moliuntur,
1231 2827 1265 2884 ct
1286 2817 1347 2884 illa
1370 2818 1494 2884 effrenis

260 2921 434 3006 temeritas,
456 2943 540 3008 quse
563 2920 640 2986 dum
661 2921 818 2988 hactenus
840 2923 933 3008 puasi
957 2921 1135 2990 dormiente
1146 2921 1294 2988 vindicta
1315 2922 1494 3008 vagabatur

261 3027 400 3113 inponis,
423 3025 566 3092 facinora
587 3025 690 3092 libere
712 3026 918 3114 perpetrabat
940 3029 1094 3110 enormia,
1116 3027 1236 3093 strictis
1258 3048 1442 3115 poenarum
1463 3025 1493 3090 li·

261 3130 394 3196 mitibus
416 3140 573 3213 arceatur,
596 3139 632 3196 ut
655 3131 702 3195 sic
724 3131 817 3216 quasi
835 3129 956 3196 evulsis
986 3130 1140 3197 radicitus
1163 3130 1335 3216 degeneris
1360 3131 1492 3198 conditi·

260 3237 331 3300 onis
353 3234 485 3319 vitibus,
508 3257 591 3322 quae
613 3245 732 3300 terram
762 3233 916 3300 inutiliter
949 3244 1144 3323 occupantes
1165 3237 1352 3323 perniciose
1375 3233 1492 3302 luxuri·

258 3337 358 3404 abant
389 3341 423 3405 in
452 3341 621 3426 palmitum
644 3338 814 3427 dispendia
843 3339 1028 3424 electorum,
1062 3350 1217 3429 appareat
1237 3351 1371 3406 nonnae
1394 3343 1492 3426 reipu-

259 3443 362 3511 blicae
385 3443 486 3509 facies
509 3442 623 3509 fertilis
657 3452 689 3508 et
721 3443 854 3510 decora:
883 3447 977 3531 regni
998 3446 1100 3511 nostri
1120 3440 1260 3510 barones
1281 3443 1326 3510 ad
1347 3457 1489 3511 nostram

258 3549 431 3622 convocari
455 3548 667 3636 praesentiam
689 3546 823 3614 fecimus
846 3559 879 3614 et
900 3549 941 3615 ab
964 3551 1044 3637 ipsis
1066 3551 1099 3614 in
1122 3549 1208 3615 beati
1230 3547 1390 3614 Andreae
1413 3570 1490 3614 nnnc

256 3655 396 3719 instante
418 3653 543 3738 Pragae
566 3674 674 3718 coram
706 3663 836 3720 nostrae
859 3655 1035 3742 majestatis
1066 3653 1209 3720 eulmine
1233 3653 1491 3741 praesentialiter

256 3759 437 3825 constitutis
472 3757 657 3843 diligentius
691 3759 920 3845 quaesivimus,
957 3757 1074 3845 quibus
1108 3779 1284 3844 poenarum
1315 3757 1490 3824 talionibus

257 3872 342 3930 esset
363 3861 566 3928 falsariorum
589 3862 777 3929 detestanda
798 3863 952 3949 nequitia,
965 3863 1021 3949 qni
1044 3863 1076 3927 in
1099 3859 1251 3950 generale
1272 3865 1369 3947 regni
1393 3860 1490 3928 nostri

257 3968 462 4056 dispendium
474 3966 685 4033 adulterinam
695 3967 866 4054 pecuniam
886 3966 1045 4032 fabricant
1067 3966 1200 4032 stelias
1223 3965 1387 4032 falsitates
1410 3987 1489 4031 com-

254 4075 394 4150 mittunt,
417 4094 456 4137 ac
478 4072 577 4136 noxia
598 4074 849 4159 proscriptorum
871 4069 1054 4156 malignitas
1088 4070 1260 4157 punienda,
1284 4093 1346 4134 nee
1371 4093 1441 4137 non
1462 4077 1489 4132 et

254 4177 371 4266 quibus
394 4176 590 4244 obviandum
614 4186 699 4242 esset
728 4177 876 4242 cursibus
910 4175 1098 4242 damnorum
1132 4173 1386 4256 calamitatibus,
1410 4195 1485 4262 quat

253 4281 301 4347 illi
322 4285 440 4348 nostris
451 4281 605 4348 infestant
617 4279 763 4364 subditis,
786 4303 868 4367 quos
890 4278 933 4346 ad
956 4279 1196 4368 expeditionem
1209 4281 1392 4367 procedere
1415 4299 1483 4344 con·

252 4385 450 4572 tlngellattlui
474 4489 632 4584 siquidem
655 4489 799 4555 barones
823 4489 932 4556 habito
954 4511 1133 4576 perpensae
1148 4486 1396 4554 deliberationis
1417 4507 1484 4552 con·

254 4595 336 4676 silio,
369 4597 404 4657 in
425 4593 583 4678 falsarios
612 4595 760 4678 primitus
789 4592 990 4679 proferentes
1020 4593 1212 4658 sententiam
1246 4599 1372 4676 contra,
1402 4595 1483 4678 ipsos
