3082 5128
473 424 596 476 xxxrv.
617 425 722 478 serua
740 427 906 480 wascono·
925 429 960 480 u.
1261 419 1335 490 575

178 615 231 679 13.
253 615 429 681 Praeterea
440 615 627 680 statuimus:
652 615 749 698 Quod
764 615 901 705 quilibet
916 617 1096 707 fidejussor,
1116 621 1172 687 illo
1184 631 1333 707 negante,

71 740 140 803 pro
178 741 246 806 quo
276 719 448 808 fidejussus
481 721 593 802 fuerit,
628 721 656 786 si
686 721 830 787 debitum
863 723 960 789 fuerit
997 725 1113 810 viginti
1143 748 1333 810 marcarum,

71 823 191 908 solus,
224 825 252 889 si
285 847 363 891 vero
387 825 611 913 quadraginta,
645 827 884 910 metseoundus,
918 831 950 894 in
985 829 1100 916 majori
1139 852 1217 896 vero
1239 853 1333 918 pecu·

72 930 221 994 niarum
244 932 432 1018 quantitate,
455 931 635 996 mettertius
658 932 765 1018 ipsum
788 931 943 1016 debitum,
977 957 1036 1021 pro
1067 957 1131 1022 quo
1161 935 1333 1023 fidejussus

71 1032 205 1118 fuerat,
230 1034 402 1123 fidejussor
424 1042 457 1100 et
480 1034 543 1100 duo
566 1035 621 1100 alii
644 1035 819 1102 firmabunt
841 1038 979 1124 propriis
998 1039 1201 1125 juramentis.

182 1140 233 1206 14.
267 1141 348 1206 Item
373 1143 561 1208 statuimus:
585 1140 682 1224 Quod
704 1139 810 1206 nullus
827 1141 999 1230 fidejussor
1022 1165 1078 1230 pro
1100 1145 1166 1227 illo,
1190 1169 1247 1232 pro
1270 1169 1333 1234 quo

74 1245 271 1334 fidejubuit‚
294 1247 459 1335 injudicio
477 1269 594 1335 equum
608 1245 662 1312 vel
676 1245 790 1312 bovem
805 1246 945 1332 obliget3
968 1248 1057 1332 alias,
1081 1251 1108 1314 si
1132 1247 1333 1336 obligaverit,

74 1352 124 1416 ad
150 1353 419 1418 restaurationem
443 1354 586 1440 ipsorum
618 1351 808 1418 damnorum
831 1351 1019 1439 principalis
1042 1375 1180 1440 persona
1202 1354 1333 1420 minime

75 1465 248 1538 teneatur,
270 1458 331 1522 nisi
356 1458 389 1523 id
412 1457 453 1522 de
476 1477 632 1544 personae
654 1456 842 1544 principalis
866 1459 1059 1544 processerit
1081 1457 1255 1526 voluntate.

178 1560 229 1626 15.
254 1563 450 1628 Statuimus:
475 1561 570 1644 Quod
586 1563 851 1650 quotiescumque
873 1561 1041 1650 injudicio
1059 1563 1089 1628 in
1103 1564 1208 1629 causis
1229 1564 1332 1630 crimi-

76 1665 227 1744 nalibus,
251 1667 321 1732 sive
344 1667 600 1754 quibuscumque
623 1666 705 1751 aliis,
730 1664 1051 1754 maguisvclparvis,
1076 1669 1238 1756 quispiam
1255 1690 1331 1734 con·

78 1780 204 1838 ventus
228 1771 324 1837 suerit
347 1771 398 1837 vel
423 1781 584 1852 evocatus,
609 1772 727 1858 etipse
751 1771 916 1837 dominum
939 1795 1031 1836 suum
1054 1770 1108 1838 vel
1131 1775 1254 1839 socium
1277 1798 1331 1839 no-

79 1878 271 1959 minaverit,
296 1877 382 1964 quod
405 1877 518 1942 eadem
540 1877 655 1942 fecerit
677 1877 717 1942 dc
741 1877 812 1964 ejus
836 1875 998 1960 mandato,
1023 1875 1122 1942 atille
1136 1879 1272 1944 veniens
1289 1877 1330 1944 ad

74 1981 245 2068 judicium
263 1984 369 2070 ipsum
382 1979 577 2062 liberaverit,
600 2003 759 2064 asserens,
783 1981 888 2069 ipsum
911 1979 944 2046 id
968 1981 1083 2046 secisse
1107 1981 1148 2047 de
1170 2005 1228 2048 suo
1242 2005 1331 2048 man·

81 2087 180 2152 dato:
214 2088 329 2152 citatus
352 2085 506 2152 liberatus
538 2085 693 2168 discedat,
727 2095 759 2150 et
782 2095 894 2151 contra
927 2085 1118 2153 liberantem
1149 2089 1233 2153 actio
1256 2088 1329 2154 diri·

83 2201 199 2276 gatur;
222 2191 364 2280 alioquin
389 2191 503 2257 citatus
526 2191 724 2280 respondere
747 2191 893 2278 protinus
918 2199 1073 2256 teneatur.

177 2297 226 2362 16.
250 2298 323 2362 Hoc
344 2305 462 2362 statuto
485 2305 641 2383 perpetuo
665 2294 876 2377 declaramus,
900 2293 1126 2361 decernentes:
1158 2295 1255 2378 Quod
1277 2295 1331 2362 dc-

82 2404 236 2467 nationes
260 2402 347 2467 fixae
370 2411 402 2467 et
423 2403 535 2468 firmae
559 2400 699 2466 debeant
721 2423 918 2488 permanere,
947 2423 1011 2466 non
1035 2400 1194 2480 obstante,
1218 2401 1243 2465 si
1268 2403 1331 2488 pri-

82 2508 241 2592 vilegium
267 2529 364 2594 super
397 2507 520 2572 eisdem
552 2505 780 2572 donationibus
804 2527 991 2571 concessum
1015 2527 1080 2570 non
1103 2504 1207 2588 fuerit,
1243 2507 1332 2572 dum-

83 2612 183 2677 modo
214 2623 317 2678 morte
348 2611 522 2696 donatoris,
557 2611 609 2676 vel
642 2613 693 2676 eui
716 2609 846 2676 donatio
869 2610 968 2676 fuerit
990 2609 1083 2688 sacta,
1108 2611 1331 2694 confirmatum

82 2717 277 2803 praesertim
300 2715 359 2799 his,
391 2716 446 2803 qui
478 2715 574 2780 nobis
598 2737 655 2782 seu
678 2716 795 2780 nostris
830 2715 1072 2782 successoribus
1095 2715 1330 2804 praesentibus,

84 2821 225 2886 viriliter
258 2822 290 2885 in
321 2819 409 2886 bello
439 2828 619 2907 pugnantes
643 2819 762 2885 fuerint
793 2819 960 2898 interlecti,
994 2821 1123 2886 donatio
1142 2829 1330 2909 perpetuam

87 2927 227 3013 recipiat
250 2925 452 2990 firmitatem·

177 3031 226 3096 tl.
249 3029 462 3095 Declaramus
476 3031 572 3094 etiam
596 3039 629 3094 et
651 3029 870 3096 decernimus:
895 3029 992 3112 Quod
1004 3031 1141 3096 barones
1162 3039 1194 3094 ct
1204 3028 1330 3096 nobiles

85 3135 189 3202 nostri
221 3143 325 3200 terrae
347 3133 511 3217 Poloniae,
544 3131 638 3198 nobis
662 3141 694 3198 et
716 3136 832 3199 nostris
864 3133 1104 3201 successoribus
1135 3135 1167 3200 in
1190 3143 1276 3200 terra
1298 3145 1330 3198 et

84 3263 189 3326 regno
212 3239 366 3304 Poloniae
389 3239 511 3304 servire
534 3241 567 3304 in
590 3240 697 3322 armis,
722 3239 806 3304 sicut
828 3239 943 3306 melius
967 3241 1118 3328 poterint,
1142 3248 1327 3321 teneantur3

83 3345 142 3412 sed
167 3352 261 3410 extra
281 3353 383 3409 metas
407 3343 499 3429 regni
520 3365 585 3436 uoq
607 3350 759 3408 tenentur
781 3345 902 3410 servire
925 3345 1029 3425 nobis,
1062 3345 1124 3409 nisi
1148 3345 1226 3430 ipsis
1243 3365 1328 3409 com·

85 3459 201 3538 petens
224 3449 400 3515 satisfactio
432 3473 490 3536 per
512 3471 570 3514 nos
595 3448 808 3536 impendatur,
843 3449 895 3516 vel
919 3473 976 3538 per
1005 3472 1064 3516 nos
1096 3451 1186 3536 petiti
1209 3447 1328 3512 luerint

88 3565 121 3620 et
142 3555 259 3639 rogati.

177 3660 226 3725 18.
258 3660 434 3726 Statuimus
449 3659 562 3726 etiam:
588 3659 685 3742 Quod
708 3669 876 3746 postquam
894 3656 1010 3745 aliquis
1033 3667 1215 3724 nostrorum
1237 3655 1327 3722 nobi-

89 3765 167 3830 lium
200 3763 300 3830 filiam
334 3787 426 3830 suam
460 3765 573 3852 nuptui
607 3762 784 3838 tradiderit,
816 3763 986 3851 dotemque
1020 3762 1080 3828 sibi
1115 3761 1329 3847 assignaverit

89 3877 335 3956 competentem,
359 3871 428 3956 ipso
441 3867 604 3952 defuncto,
617 3869 714 3934 frater
727 3870 878 3951 uterinus,
892 3867 945 3932 vel
958 3867 1112 3955 patruelis
1131 3890 1196 3932 non
1218 3889 1326 3953 super-

90 3977 164 4040 stite
194 3975 329 4058 uterino,
353 3975 381 4038 si
404 3973 472 4038 filia
501 3971 633 4061 palatini
664 3971 770 4054 fuerit,
805 3971 979 4039 Omarcas
1004 4020 1010 4034 .
1036 4021 1043 4038 .
1069 4024 1074 4038 .
1101 3995 1126 4055 .;
1162 3971 1216 4036 ubi
1250 3993 1327 4036 vero

89 4079 310 4167 possessiones
324 4101 445 4166 paucae
459 4088 490 4142 ct
502 4077 588 4144 filiae
599 4077 728 4155 multae,
741 4076 793 4143 vel
809 4100 873 4142 una
887 4077 1058 4160 hereditas,
1081 4076 1138 4141 fiat
1149 4075 1328 4141 aestimatio

89 4186 121 4249 in
143 4183 264 4266 valore,
286 4193 318 4248 et
339 4207 414 4270 pars
437 4186 629 4270 contingens
652 4181 830 4269 quemlibet
851 4204 1005 4265 sorerem,
1029 4203 1088 4268 per
1110 4181 1251 4257 fratrem,
1275 4178 1327 4244 vel

35 4316 38 4326 ¹
89 4313 124 4354 co
148 4311 213 4354 non
237 4291 397 4354 existente
431 4311 489 4376 per
511 4287 700 4375 patruelem,
733 4287 861 4353 nomine
884 4285 1020 4352 dotalitii
1041 4288 1075 4349 in
1098 4285 1236 4371 pecunia
1256 4306 1327 4370 per-

88 4393 241 4460 solvatur.
286 4395 329 4460 Et
361 4395 448 4460 idem
482 4393 712 4458 sententiamus
744 4391 784 4457 de
806 4389 936 4457 filiabus
959 4391 1147 4456 inferiorum
1170 4387 1327 4454 nobilium
1380 4408 1384 4414 ’

88 4525 105 4563 a
129 4498 281 4585 palatino,
303 4497 391 4588 quod
413 4521 468 4563 cas
490 4499 523 4563 in
547 4499 615 4562 vita
636 4496 765 4563 tradant
789 4496 922 4578 maritis,
958 4495 1032 4561 dote
1063 4495 1110 4560 eis
1134 4495 1326 4580 competenti

88 4603 235 4669 similiter
257 4605 436 4690 assignata3
459 4601 577 4690 quibus
601 4601 641 4667 de
663 4600 819 4667 hac'luce
842 4599 987 4681 sublatis,
1013 4599 1127 4665 tratres
1142 4595 1326 4664 uterinivel
