3082 5128
233 426 305 500 572
604 437 725 494 XXXIV.
744 443 848 497 sutus
866 444 1035 497 wnrrcensa
1052 443 1090 496 Π.

229 632 482 696 Posnaniensem
495 632 644 713 intrante,
662 631 768 719 judex
791 635 897 698 statim
913 633 954 698 ad
973 642 1115 698 nostram
1139 635 1269 718 curiam,
1287 633 1358 698 sive
1371 631 1463 698 Calis-

230 738 368 801 siensem
386 737 454 800 sive
471 735 734 818 Posnaniensem,
758 740 878 802 intrare
896 738 1056 803 tenebitur
1080 747 1111 802 et
1128 737 1252 823 judicio
1275 737 1462 824 praesidere,

229 841 454 926 cognoscendo
479 841 518 906 de
542 840 691 906 omnibus
715 845 831 920 causis,
866 841 1068 907 hereditariis
1092 845 1197 921 etiam,
1230 851 1343 906 nostra
1364 850 1462 906 tanmn

228 947 262 1009 in
297 947 490 1031 praesentia,
534 947 586 1010 vel
627 956 757 1034 praeter
787 969 854 1036 nos
896 945 937 1012 de
979 956 1090 1012 nostro
1125 946 1257 1034 speciali
1306 947 1460 1012 mandato.

228 1051 384 1136 Alioquin
407 1049 501 1116 nobis
520 1059 612 1114 extra
628 1061 745 1116 terram
758 1051 981 1125 existentibus,
1004 1051 1132 1116 termini
1157 1073 1213 1137 pro
1236 1050 1461 1116 hereditatibus

228 1143 408 1238 generales,
431 1164 527 1241 prout
550 1155 704 1220 hactenus
728 1155 934 1221 observatum
959 1156 1076 1238 extitit,
1099 1165 1279 1220 teneantur.

314 1259 344 1324 2.
369 1259 558 1342 statuimus,
582 1260 667 1346 quod
691 1261 863 1346 scriptores
882 1259 1080 1345 judiciorum
1103 1282 1123 1322 a
1145 1258 1344 1345 producente
1359 1269 1458 1322 testes.

229 1385 310 1450 quos
335 1363 485 1448 scribent,
521 1363 561 1428 de
584 1363 687 1428 trihus
710 1367 841 1450 grossis,
877 1364 932 1427 ubi
956 1386 1032 1428 vero
1055 1365 1209 1428 terminos
1239 1365 1460 1450 peremptorios

228 1465 383 1550 scribunt,
419 1467 460 1532 de
493 1491 606 1552 grosso
640 1469 746 1534 medio
782 1477 1017 1536 contententur.
1062 1467 1146 1532 Item
1169 1470 1348 1548 statuimus,
1381 1468 1459 1553 quud

228 1570 383 1636 officiales
397 1571 437 1636 de
450 1594 514 1637 uno
526 1571 724 1660 producente
742 1580 840 1636 testes
855 1559 995 1636 habeant
1013 1581 1150 1660 quatuor
1162 1580 1300 1655 scottos;
1323 1596 1343 1636 a
1364 1593 1459 1657 poena

228 1697 315 1756 vero,
338 1697 420 1762 quae
443 1675 562 1741 dicitur
580 1677 803 1756 sedmdzcaant,
826 1675 953 1758 hovem,
978 1685 1009 1740 et
1031 1675 1161 1762 quando
1178 1698 1236 1763 pro
1251 1675 1335 1740 furto
1353 1675 1454 1760 pigno-

226 1789 309 1866 rant,
332 1779 449 1844 bovem
474 1780 678 1845 mediocrem.
718 1781 784 1846 Sed
807 1780 847 1845 do
870 1780 1059 1845 limitatione
1080 1777 1304 1856 hereditatum,
1327 1802 1382 1866 pro
1403 1801 1458 1841 una

229 1884 291 1964 die,
316 1886 426 1948 sicam
445 1906 509 1948 una
532 1883 584 1948 die
607 1887 891 1963 consummaverit,
915 1885 1058 1949 tunicam
1081 1883 1133 1948 vel
1156 1881 1293 1948 mediam
1318 1903 1458 1961 marcam

228 1990 354 2053 etiamsi
385 1987 464 2052 duas
504 1997 560 2051 aut
597 1997 662 2052 tres
693 1987 888 2054 hereditates
919 1989 1002 2052 inter
1032 1987 1113 2052 duos
1154 1985 1316 2052 limitaret
1360 1985 1401 2050 Et
1434 1987 1456 2048 si

227 2091 315 2158 idern
342 2089 502 2174 officialis,
524 2093 578 2179 qui
596 2091 714 2156 dicitur
736 2115 853 2178 ruoznp,
878 2091 972 2157 aliter
994 2091 1128 2156 formam
1147 2092 1325 2178 juramenti
1347 2089 1458 2154 diceret

229 2195 376 2272 testibus,
400 2218 494 2282 quam
519 2206 569 2260 est
591 2195 787 2271 mandatum,
818 2195 912 2261 etde
936 2197 995 2260 boc
1017 2197 1114 2260 fuerit
1144 2196 1309 2260 convictus
1330 2192 1456 2281 judicio:

229 2299 311 2363 alter
334 2298 405 2364 loco
420 2302 470 2364 sui
488 2299 710 2382 substituatur,
734 2312 766 2366 et
781 2303 882 2388 ipses
895 2323 952 2365 suo
976 2299 1082 2365 officio
1105 2309 1260 2387 perpetuo
1280 2299 1456 2386 deponatur.

315 2401 345 2468 3.
377 2403 459 2468 ltem
488 2405 677 2469 statuimus:
713 2405 809 2486 Quod
832 2406 872 2470 de
895 2405 1001 2470 causis
1022 2402 1243 2470 criminalibus
1266 2404 1299 2467 in
1322 2401 1458 2466 absentia

231 2508 429 2572 accusatoris
452 2530 510 2572 seu
532 2511 661 2590 actoris,
693 2511 786 2596 cujus
809 2511 953 2592 interest,
985 2531 1044 2573 nos
1067 2505 1119 2573 vel
1143 2509 1242 2572 nostri
1266 2527 1458 2572 successores

227 2633 266 2676 ao
303 2613 463 2698 capitanei
486 2614 587 2677 nostri
610 2635 806 2699 cognoscere
829 2636 892 2678 non
918 2612 1083 2696 dehemus,
1114 2635 1175 2677 neo
1196 2610 1337 2698 aliquem
1359 2609 1457 2675 homi-

227 2739 302 2780 nem
327 2716 552 2794 condemnare,
576 2718 639 2782 nisi
663 2720 846 2782 convictum
868 2719 993 2804 judicio
1017 2715 1069 2783 vel
1094 2714 1287 2782 confessum.

314 2820 344 2884 4.
368 2819 562 2906 Plerumque
591 2821 639 2899 lit,
675 2822 774 2908 aliqui
796 2831 929 2908 propter
951 2844 1065 2886 causas
1089 2821 1391 2904 consinguineornm
1412 2813 1456 2880 vel

227 2923 433 2988 familiarium
466 2923 509 2988 ad
538 2924 663 3011 judicia
698 2927 864 2991 venientes
895 2949 952 3014 per
986 2927 1152 3012 strepitum
1188 2934 1220 2988 et
1251 2925 1454 3010 importunam

226 3031 367 3115 ipsorum
377 3027 640 3094 acclamationem
653 3032 844 3094 sententiam
857 3054 914 3094 scu
926 3030 1095 3094 victoriam
1108 3051 1276 3093 causarum
1291 3048 1453 3092 consueve-

228 3143 303 3198 runt
336 3133 529 3219 improbare.
576 3135 671 3200 Unde
694 3158 792 3222 super
815 3135 877 3200 hiis
901 3134 1071 3220 providere
1094 3132 1250 3212 volentes,
1280 3134 1454 3197 statuimus:

230 3237 327 3318 Quod
351 3237 505 3324 deinceps
528 3240 723 3325 quiqunque‚
748 3239 980 3327 cujuscumque
1003 3241 1045 3303 sit
1068 3249 1168 3303 status
1192 3234 1245 3302 vel
1267 3235 1456 3314 conditionis,

230 3331 363 3428 propter
396 3364 510 3406 causas
539 3344 769 3428 consanguinei
802 3341 856 3408 vel
889 3345 1120 3430 cujuscumque
1150 3342 1316 3407 familiaris
1339 3349 1392 3405 aut
1412 3338 1454 3402 aui

230 3445 406 3531 familiaris,
439 3446 480 3510 ad
506 3445 665 3532 judicium
696 3449 808 3512 venire
836 3470 900 3513 non
924 3457 1116 3535 praesumat,
1139 3448 1201 3511 nisi
1224 3455 1366 3527 vocatus,
1388 3443 1453 3530 quis

232 3551 389 3633 sicontra
405 3551 511 3616 lacere
527 3554 791 3639 praesumpserit,
813 3575 927 3639 poena,
951 3575 1032 3640 quae
1051 3553 1165 3617 dicitur
1182 3551 1452 3638 purreznorlaescsu,

232 3655 393 3741 puniatur,
416 3666 545 3720 nostrae
570 3677 716 3720 camerae
739 3656 941 3743 applicanda.

314 3760 345 3824 b.
369 3759 540 3824 Praeterea
564 3761 751 3824 statuimus:
775 3759 871 3840 Quod
884 3763 1077 3848 quicumque
1100 3761 1133 3824 in
1151 3759 1276 3845 judicio
1299 3755 1450 3823 cultellum

229 3865 409 3928 extraxerit
433 3873 465 3927 et
487 3851 628 3949 aliquem
650 3862 880 3948 vulneraverit,
904 3866 936 3928 in
961 3866 1066 3949 gratia
1088 3874 1197 3928 nostra
1219 3863 1381 3927 consistat.
1421 3858 1450 3920 Si

227 3991 305 4033 vero
328 3967 470 4052 gladium
492 3966 543 4032 vel
567 3967 733 4032 cultellum
756 3971 945 4052 extraxerit,
970 3979 1002 4033 et
1013 3991 1075 4033 non
1094 3966 1328 4033 vulneraverit:
1349 3987 1450 4054 poena,

227 4095 309 4157 quae
322 4075 438 4136 dicitur
449 4070 514 4136 XV
527 4072 612 4160 (sic),
632 4073 793 4160 puniatur,
807 4083 839 4138 ct
850 4071 907 4152 illi,
926 4095 1021 4160 quem
1036 4071 1305 4146 dehonestaverit,
1319 4089 1451 4160 poenam,

226 4197 308 4260 quae
332 4175 448 4240 dicitur
471 4159 545 4258 XV,
570 4176 695 4241 solvere
718 4186 873 4240 teneatur.

312 4281 341 4344 6.
364 4279 500 4366 Insuper
517 4282 703 4344 statuimus:
728 4279 823 4361 Quod
838 4282 864 4344 si
878 4281 1038 4368 quispiam
1060 4301 1167 4346 coram
1181 4279 1275 4343 nobis
1288 4277 1451 4344 extraxerit

227 4383 392 4448 cultellum
418 4384 471 4447 vel
495 4383 637 4468 gladium
674 4395 705 4449 et
737 4383 853 4449 vulnus
885 4381 982 4449 alicui
1015 4407 1077 4448 non
1110 4383 1264 4466 intulerit,
1298 4385 1331 4448 in
1361 4381 1451 4468 grstia

225 4497 335 4551 nostra
357 4487 531 4564 ‘consistam
568 4491 596 4553 si
625 4511 703 4553 vero
731 4488 959 4568 vulneraverit,
994 4490 1063 4554 sine
1094 4490 1197 4574 gratia
1218 4489 1378 4574 puniatur.
1406 4485 1451 4548 'Et

223 4589 320 4666 idem,
353 4590 381 4652 si
405 4611 511 4654 coram
543 4601 652 4656 nostro
686 4593 853 4678 capitaneo
886 4593 945 4656 hoc
968 4593 1086 4656 factum
1120 4593 1226 4676 fuerit,
1261 4591 1451 4657 decrevimus
1513 4615 1514 4626 ³
