3070 5118
474 453 571 505 XXVI.
589 453 702 504 Decreta
719 453 846 504 Brecislui
854 453 876 504 1.
1222 442 1298 515 483

25 655 77 710 et
97 645 291 734 hujusmodi
306 645 497 733 capitalibus
511 646 698 712 criminibus
713 648 862 731 irretitos,
880 645 1141 734 archipresbyter
1155 647 1302 732 assignet

28 771 111 814 eos
139 752 248 817 comiti
270 749 323 816 vel
346 750 429 834 duci,
452 749 522 817 sive
544 773 602 838 per
624 773 738 816 munus
761 758 794 817 et
815 759 960 818 ventrem
983 751 1118 817 serratos
1141 751 1182 818 de
1197 775 1299 839 regno

26 855 179 941 eJ'icist,
200 865 237 920 ut
259 854 301 922 sd
323 857 424 921 instar
446 852 529 921 (inin
552 857 628 942 vsgi
650 865 684 921 et
704 855 833 942 profugi
855 857 1020 922 circueant
1041 864 1171 922 terrem.

149 961 179 1027 t.
202 959 393 1043 Tuberonum,
417 982 499 1046 queo
517 969 566 1026 est
579 959 674 1026 radix
691 961 833 1026 omnium
848 958 1017 1044 melorum,
1033 959 1119 1026 unde
1136 961 1297 1049 prodeunt

27 1065 156 1149 furta,
185 1063 369 1148 homicidia,
399 1063 557 1130 mutueris
585 1075 618 1131 et
651 1072 759 1130 cetere
787 1063 882 1148 melo,
915 1073 948 1130 et
981 1066 1036 1153 qui
1065 1074 1159 1152 paret
1188 1069 1305 1154 etqui

30 1177 207 1256 parntem
227 1177 403 1256 comperet,
426 1167 599 1235 anathema
620 1168 672 1235 nit.

147 1274 178 1340 8.
202 1272 267 1355 Qui
289 1271 538 1360 comprehensus
562 1273 658 1339 fuerit
672 1273 770 1358 hujne
790 1273 928 1340 violstor
942 1273 1064 1340 decreti
1085 1274 1299 1360 tabernarius,

33 1379 78 1443 iu
107 1377 221 1444 medio
237 1377 307 1443 foro
326 1377 368 1443 ed
382 1377 492 1465 petum
507 1399 682 1464 suspensus
705 1386 738 1444 et
752 1399 855 1466 usque
877 1376 918 1443 ed
943 1377 1108 1444 hetidium
1130 1381 1299 1466 prseconie

34 1505 175 1548 mesos
192 1481 367 1570 depiletur3
390 1493 567 1549 testamen
591 1481 661 1569 ejus
677 1503 742 1548 non
758 1483 952 1565 infiscentur,
976 1481 1034 1548 sed
1056 1492 1152 1568 potue
1175 1493 1299 1550 tentum

36 1589 80 1651 in
112 1595 239 1653 terrem
261 1586 459 1675 projicietur,
481 1609 523 1652 ne
546 1587 621 1673 quis
644 1585 838 1654 exsecrabili
859 1585 975 1652 heustu
997 1585 1170 1674 polluntur.

151 1691 182 1757 9.
205 1690 372 1758 Potetores
383 1700 490 1758 autem
501 1740 508 1769 ,
521 1691 548 1756 si
564 1690 755 1779 deprehensi
773 1691 901 1774 fuerint,
924 1713 990 1757 non
1005 1693 1094 1778 priue
1110 1694 1151 1758 de
1169 1715 1299 1759 carcere

37 1803 191 1878 exeant,
213 1817 310 1882 quom
322 1797 356 1860 in
377 1795 492 1862 fiscum
506 1793 599 1861 ducis
613 1797 834 1884 unusquisque
849 1793 935 1861 000
951 1817 1100 1862 nummos
1119 1807 1299 1885 componet

147 1899 201 1966 10.
224 1899 311 1966 Fore
338 1909 445 1966 eutem
476 1899 646 1966 dominicis
675 1899 789 1968 diebus
818 1901 948 1968 omnino
978 1922 1020 1966 ne
1049 1901 1137 1980 fient,
1166 1901 1299 1969 interdi-

36 2007 173 2083 cimus,
197 2029 279 2094 qune
301 2005 376 2072 ideo
403 2007 544 2072 maxime
570 2006 603 2071 in
627 2005 677 2070 his
700 2003 867 2072 celebrent
885 2005 1083 2090 regionibus,
1119 2015 1155 2072 ut
1183 2008 1299 2072 ceteris

42 2111 177 2176 diebus
201 2113 268 2175 suis
290 2121 407 2176 vacent
429 2107 591 2198 operibns.

147 2217 199 2281 11.
223 2211 258 2280 Si
280 2217 352 2301 quis
374 2223 480 2282 sutem
504 2237 599 2303 quem
621 2213 789 2281 dominicis
812 2225 876 2284 tem
900 2213 991 2280 festis
1014 2213 1140 2299 diebus,
1163 2215 1295 2303 publice

42 2319 92 2386 ad
108 2317 288 2385 ecclesium
310 2317 419 2385 feriori
441 2319 580 2403 indictis,
597 2319 630 2384 in
643 2318 750 2407 sliquo
773 2319 883 2385 servili
900 2340 997 2406 opere
1019 2319 1170 2386 inventus
1193 2320 1298 2404 buerit,

10 2511 13 2517 ι
38 2427 165 2511 ipsum
190 2444 270 2510 opus
293 2433 325 2488 et
347 2422 433 2510 quod
455 2425 488 2489 in
511 2445 608 2512 opere
630 2433 679 2490 est
707 2425 883 2509 inventum,
914 2423 1175 2513 archipresbyter
1209 2425 1301 2493 tollat

43 2539 81 2594 et
108 2523 206 2593 000
229 2527 319 2592 ducis
343 2529 375 2593 in
397 2527 511 2594 fiscum
535 2529 640 2595 solvet
660 2550 817 2596 nummos.

144 2630 200 2696 12.
236 2629 388 2696 Similiter
418 2641 449 2697 et
475 2634 531 2720 qui
563 2635 594 2698 in
624 2635 711 2719 egris
742 2633 811 2698 sive
841 2635 873 2698 in
908 2631 997 2697 silvis
1026 2654 1102 2699 suos
1137 2632 1298 2720 sepeliunt

40 2745 214 2818 mortuos,
232 2733 328 2824 hujus
349 2737 397 2802 rei
418 2746 676 2824 praesumptores
700 2736 923 2804 archidiacono
951 2736 1068 2802 bovem
1098 2751 1130 2802 et
1151 2735 1238 2803 000
1262 2741 1297 2804 ἰιι

40 2843 172 2907 fiscum
198 2839 290 2906 ducie
312 2839 440 2906 solvont
461 2863 624 2926 nummos;
657 2847 817 2908 mortuum
840 2849 945 2908 temen
969 2841 1003 2907 in
1025 2839 1195 2928 poliendro
1216 2841 1295 2907 fide-

42 2947 132 3012 lium
159 2943 251 3009 humi
274 2943 415 3011 condent
435 2943 552 3011 denuo.
