3082 5128
238 443 313 514 584
607 457 730 510 XXXIV.
750 455 855 524 Stabula
873 455 1044 508 Wisliconsia
1060 453 1094 508 11.

237 647 409 732 sepultura.
423 647 514 728 Item,
524 646 781 734 quandocunque
789 645 939 712 dominus
952 646 1048 712 villae
1057 647 1089 710 in
1097 667 1300 732 quocumque
1310 643 1382 710 loeo
1390 665 1482 710 snam

237 751 387 816 villanam
400 751 559 817 violenter
565 757 770 840 oppresserit,
783 777 857 818 nam
867 763 1035 842 postquam
1046 752 1086 817 de
1099 752 1160 817 hoc
1169 750 1337 832 constabit,
1351 755 1393 816 de
1403 751 1482 816 dnm

235 863 387 940 parentes
399 877 582 944 oppressae,
595 879 705 922 verum
722 861 816 922 etiam
831 881 941 923 omnes
957 856 1082 939 villani,
1096 856 1150 922 ubi
1161 857 1222 921 hoc
1233 856 1352 922 factum
1361 859 1480 926 extitit.

234 958 1481 1048 horaquacumquereeedendihabeantfacultatem,uecoppressorlrujusmodi

235 1087 292 1129 seu
300 1063 397 1130 villae
409 1068 557 1131 dominus
568 1069 656 1154 ipsos
669 1068 811 1133 detinere
823 1069 945 1135 audent
957 1089 1013 1133 seu
1022 1070 1055 1132 in
1063 1067 1171 1154 aliquo
1181 1065 1362 1132 molestare.
1384 1065 1479 1130 Idem

235 1168 331 1235 liceat
343 1171 389 1234 eis
403 1171 520 1254 facere,
544 1195 616 1237 cum
640 1173 682 1238 ob
706 1172 816 1260 culpas
841 1176 889 1238 sui
915 1173 1037 1239 domini
1048 1175 1185 1260 pignora
1207 1172 1323 1236 fuerint
1346 1181 1479 1256 recepta

236 1275 368 1356 eisdem,
388 1275 474 1362 quod
487 1275 608 1364 absque
621 1277 849 1364 impedimento
862 1278 1007 1366 quolibet
1017 1280 1142 1364 possint
1154 1277 1265 1363 fugere
1288 1276 1328 1341 ab
1351 1276 1476 1340 eodem.

237 1379 428 1444 Praemissis
442 1403 519 1444 vero
531 1380 634 1468 culpis
647 1404 710 1446 non
724 1383 881 1447 stantibus
894 1405 1097 1470 nequaquam
1109 1381 1240 1448 kmetho
1251 1381 1410 1446 recedata
1419 1403 1478 1444 suo

236 1484 375 1566 domino,
398 1485 460 1549 nisi
483 1486 577 1550 domo
601 1485 683 1551 bene
705 1487 818 1552 relicta
847 1499 879 1551 et
901 1487 1054 1553 decenter
1078 1496 1178 1573 septa,
1203 1485 1304 1550 solum
1328 1487 1361 1549 in
1382 1485 1474 1550 Nati-

236 1590 335 1654 vitate
372 1589 512 1672 Domini,
552 1591 649 1676 juxta
688 1591 952 1657 consuetudinem
989 1593 1142 1657 hactenus
1175 1591 1386 1656 observatam.
1434 1589 1477 1653 Et

238 1696 264 1757 si
294 1703 390 1760 antea
420 1692 600 1760 libertatem
632 1694 780 1776 habebat,
814 1705 862 1760 tot
891 1698 983 1762 annis
1018 1695 1148 1761 domino
1183 1716 1241 1760 suo
1273 1695 1401 1776 serviat,
1434 1695 1475 1759 ab

235 1799 305 1883 ipso
329 1799 461 1874 minime
483 1798 673 1883 recedendo,
690 1809 767 1886 quot
779 1822 935 1865 annorum
959 1800 1106 1865 libertate
1130 1797 1300 1885 gaudebat.
1336 1799 1380 1863 Et
1403 1799 1472 1878 bor,

235 1923 333 1987 quum
357 1903 390 1966 in
408 1903 484 1988 jure
499 1902 653 1969 Polonico
671 1905 762 1969 sedet
784 1904 927 1969 kmetho.
953 1904 1060 1984 Quum
1083 1926 1162 1968 vero
1179 1904 1256 1989 jure
1267 1903 1468 1968 Theutnnieo

234 2017 284 2070 est
301 2005 434 2087 locatus,
458 2007 544 2073 idem
560 2019 698 2096 nequeat
717 2009 867 2074 recedere
881 2006 969 2074 nullo
988 2008 1083 2074 modo
1095 2009 1158 2073 nisi
1171 2017 1218 2074 tot
1228 2011 1322 2073 annis
1336 2029 1467 2072 censum

235 2108 392 2192 exsolvat,
404 2113 586 2196 quotannis
599 2111 712 2176 habuit
724 2111 915 2178 libertatem.
939 2111 1009 2178 Neo
1021 2110 1081 2176 hoc
1094 2111 1155 2177 sibi
1168 2112 1272 2196 liceat,
1295 2111 1358 2176 nisi
1370 2133 1471 2196 aeque
1534 2163 1535 2174 .

236 2215 369 2279 divitem
394 2215 464 2280 loco
483 2216 532 2279 sui
555 2215 762 2282 kmethonem
775 2217 948 2280 constituat
970 2239 1028 2281 seu
1051 2215 1200 2298 dimittat,
1223 2223 1279 2281 aut
1301 2215 1386 2300 agris
1407 2215 1472 2278 suis

235 2319 267 2382 in
302 2328 425 2384 tantum
459 2318 596 2386 excultis
630 2343 686 2385 seu
720 2321 906 2406 exstirpatis
941 2320 993 2384 vel
1026 2320 1190 2385 seminatis
1221 2317 1411 2384 hiemalibus
1444 2331 1473 2380 et

235 2421 433 2488 aestualibus
456 2426 488 2488 in
513 2423 643 2506 eisdem,
668 2433 699 2488 et
720 2433 798 2489 tuno
821 2425 861 2488 de
884 2427 971 2489 omni
994 2423 1146 2490 recedere
1168 2425 1380 2511 permittatur.

320 2527 385 2614 (36.
410 2527 582 2594 Praeterea
599 2527 793 2594 declarando
816 2531 1001 2594 statuimus:
1025 2528 1122 2610 Quod
1134 2549 1207 2592 cum
1230 2552 1250 2592 a
1273 2526 1378 2606 nobis,
1401 2527 1469 2590 sire

234 2653 254 2695 a
282 2652 483 2718 quocumque
516 2632 580 2698 alio
610 2632 740 2698 domino
767 2633 862 2698 nobis
892 2635 1037 2720 subjecto
1065 2633 1174 2698 lrrneto
1207 2631 1327 2716 fugerit
1354 2629 1470 2717 absque
1533 2643 1534 2672 l

234 2732 329 2821 culpa
347 2737 396 2800 sui
412 2735 549 2802 domini:
573 2737 658 2801 idem
681 2735 809 2822 fugiens
827 2735 950 2802 nullum
968 2737 1183 2824 jusauquirit,
1206 2733 1340 2814 tamdiu,
1364 2757 1469 2822 qnam·

234 2837 287 2904 diu
312 2838 441 2905 domino
464 2863 521 2905 suo
545 2839 772 2906 demensione
795 2863 854 2905 sua
877 2864 939 2907 non
959 2840 1128 2906 constabit
1153 2840 1263 2922 Secus,
1288 2840 1316 2903 si
1334 2837 1467 2904 deman·

232 2945 322 3009 sione
345 2967 403 3009 sua
424 2944 554 3010 domino
577 2947 767 3022 constiterit,
791 2955 823 3009 et
842 2945 926 3011 infra
941 2968 1060 3010 annum
1082 2945 1188 3031 ipsum
1208 2945 1284 3031 jure
1309 2941 1390 3032 [suo]
1411 2965 1467 3006 non

233 3047 415 3134 impetierit,
449 3059 480 3115 et
501 3059 580 3114 tune
611 3060 685 3136 post
711 3073 830 3115 annum
862 3061 1009 3139 repetere
1042 3051 1188 3115 voluerit:
1218 3050 1293 3136 jure
1327 3047 1463 3114 terrestri

233 3152 294 3217 sibi
327 3153 388 3217 hoo
418 3153 525 3220 lacere
554 3151 675 3220 licebit.
720 3155 865 3235 Quodsi
888 3155 1055 3242 profugus,
1090 3163 1221 3242 propter
1255 3155 1465 3219 amteritatem
1532 3173 1533 3182 ³

233 3279 290 3320 seu
320 3278 486 3322 rancorem
510 3257 631 3323 domini
663 3261 712 3324 sui
743 3260 860 3343 redire,
896 3263 991 3326 etiarn
1017 3260 1092 3347 jure
1123 3261 1301 3342 convictus,
1325 3257 1464 3322 noluerit:

233 3370 354 3425 extunc
376 3360 588 3444 decernimus,
620 3364 705 3449 quod
727 3363 813 3428 idem
836 3365 992 3452 fugitum
1015 3363 1146 3429 domino
1175 3378 1234 3428 suo
1257 3371 1324 3428 tres
1348 3381 1461 3427 mareas

231 3487 289 3552 pro
313 3488 425 3553 poena,
449 3477 482 3532 et
503 3489 635 3532 censum
658 3469 734 3532 anni
757 3491 798 3532 ex
822 3470 958 3555 integro,
983 3490 1077 3555 quem
1101 3467 1258 3550 solvebat,
1284 3464 1405 3532 solvere
1426 3473 1463 3528 te.

233 3571 377 3654 nebitur3
401 3581 433 3636 et
455 3593 514 3657 per
536 3573 596 3636 hoe
619 3595 639 3637 a
661 3571 790 3638 domino
812 3595 870 3638 suo
893 3572 1083 3638 liberabitur
1106 3573 1260 3658 fugitivus
1285 3569 1460 3636 antedictus.
1531 3601 1532 3638 1

232 3674 304 3739 Hoc
326 3685 433 3740 amen
455 3677 488 3740 in
507 3678 582 3763 jure
604 3679 748 3742 terrestri
771 3676 907 3763 intelligi
933 3677 1091 3743 volumus.
1116 3673 1253 3757 Quando
1276 3671 1462 3740 verokmeto

231 3780 265 3844 in
290 3781 364 3866 jure
395 3781 573 3846 Teutonico
602 3779 774 3866 residebat,
808 3781 895 3847 idem
925 3782 1036 3867 fugero
1067 3803 1125 3845 seu
1147 3779 1301 3846 recedere
1332 3787 1458 3864 nequest

231 3885 465 3971 quoquomodo,
501 3885 564 3950 nisi
586 3885 763 3951 hereditate
785 3885 926 3962 vendita,
956 3885 1009 3950 nel
1033 3883 1083 3974 [si]
1115 3885 1185 3950 loco
1217 3884 1266 3948 sui
1289 3883 1459 3948 lrmetonem

231 4010 334 4075 aeque
364 3987 495 4055 divitem
519 3989 664 4072 collocet,
696 4000 753 4056 aut
774 3993 862 4075 agris
884 3993 918 4056 in
940 4000 1007 4056 toto
1030 3989 1169 4056 excultis
1198 4010 1255 4054 seu
1278 3983 1457 4072 exstirpatis,

232 4102 264 4158 et
275 4092 452 4160 seminibus
469 4093 663 4160 hiemalibus
674 4104 707 4160 et
718 4094 927 4160 aestivalibus
940 4095 1114 4178 seminatis,
1127 4093 1256 4158 domino
1268 4085 1458 4174 resignando,

233 4197 385 4263 recedere
407 4200 534 4284 poterit,
549 4219 613 4284 quo
637 4198 803 4287 placebit.)
1083 4187 1087 4196 Α

321 4301 372 4367 37.
406 4302 513 4382 Quum
549 4303 610 4367 sub
643 4325 707 4369 uno
734 4305 880 4390 principe
910 4302 1022 4368 eadem
1053 4323 1132 4386 gens
1163 4301 1293 4368 diverso
1311 4301 1382 4387 jure
1402 4314 1457 4358 11011

235 4405 354 4470 debeat
365 4405 438 4488 frui,
452 4429 492 4470 ne
504 4407 546 4470 sit
559 4416 720 4493 tamquam
738 4411 913 4472 monstrum
926 4407 1055 4472 diversa
1068 4405 1190 4471 habens
1203 4404 1323 4491 capito:
1343 4395 1456 4486 expedit

233 4508 440 4594 reipublicae,
463 4522 498 4574 ut
520 4533 584 4576 uno
607 4523 640 4576 et
661 4511 788 4596 aequali
805 4512 930 4597 judicio
954 4521 1017 4576 tarn
1041 4509 1230 4588 Cracoviae,
1265 4529 1358 4593 quam
1378 4501 1454 4568 Polo·

233 4613 306 4674 niae
325 4611 522 4695 judicentur,
