3082 5128
267 371 341 445 552
644 385 770 438 xxxm.
787 383 895 438 satra
909 381 1083 436 wimacus·
1100 381 1122 436 1.

222 665 224 670 Ι
260 578 317 666 jus
339 577 373 644 in
395 575 481 646 dicta
503 575 683 644 hereditate
704 575 821 645 velud
843 575 1064 661 hereditatem,
1100 584 1156 642 aut
1184 597 1243 644 sua
1264 577 1504 665 quomodolibet

264 682 401 767 iuter-eit,
423 681 476 750 die
497 691 635 772 protunc
656 683 821 770 assignata
835 683 946 750 veniat
959 691 992 748 st
1005 692 1202 770 compareat,
1219 683 1276 770 joa
1293 704 1394 752 suum
1409 693 1504 750 osten

263 809 358 854 surus
388 795 422 854 st
450 787 651 856 defensurus.
695 787 797 872 Alias,
829 787 952 876 sipost
981 783 1078 854 talem
1106 787 1302 872 citationem,
1345 809 1388 854 eo
1420 789 1505 875 cujus

261 893 425 976 intererat,
448 915 513 960 uon
531 901 747 980 comparante,
771 891 946 960 diffinitiva
966 892 1127 961 scatentia
1142 913 1241 980 super
1255 893 1397 960 eandem
1421 893 1504 960 bere

265 998 409 1083 ditatam,
425 998 622 1087 proferatur:
641 997 772 1065 cuilibet
786 997 992 1085 posmodum
1009 997 1158 1064 venienti·
1176 1008 1209 1064 ct
1222 997 1345 1066 volenti
1368 998 1503 1064 mdes

263 1105 454 1171 seutentiam
476 1124 614 1190 arguere
635 1112 668 1170 et
688 1101 847 1192 replicare
877 1125 935 1170 seu
957 1104 1122 1186 innovare,
1152 1110 1188 1170 ut
1219 1103 1253 1168 iu
1276 1123 1354 1170 casu
1380 1123 1504 1190 praece

261 1207 354 1274 denti
382 1209 426 1274 sit
453 1208 625 1276 interdieta
656 1217 818 1296 potestas3
850 1205 908 1274 sed
940 1207 1044 1295 ipsam
1078 1207 1269 1274 munuum
1301 1206 1505 1274 decernimus

263 1311 383 1379 luobsre
405 1314 552 1400 vigorem
572 1335 613 1380 ac
632 1321 836 1400 potestatem.

263 1427 312 1491 De
326 1426 866 1514 fras,1cramtmcqcitatecter
886 1425 936 1490 vel
963 1424 1113 1490 Moatra
1129 1447 1190 1512 per
1216 1425 1354 1492 sidonas
1385 1427 1503 1492 oiciaos

799 1540 857 1596 cut
877 1551 951 1594 oce.

347 1635 401 1701 50.
424 1633 592 1702 Johaunes
614 1633 755 1702 villanus
777 1634 928 1723 deposuit
949 1634 1115 1723 querclam
1137 1643 1250 1700 oonua
1271 1657 1348 1702 suos
1364 1635 1502 1716 vicinos,

262 1737 349 1827 quod
378 1761 451 1807 cum
473 1762 574 1829 equus
604 1749 749 1828 tempore
779 1750 935 1808 nocturno
959 1740 1020 1807 sibi
1049 1740 1166 1806 fuisset
1187 1739 1383 1825 subtractus,
1421 1741 1502 1808 idem

120 1842 123 1848 ’
259 1842 428 1912 lohannes
456 1867 530 1912 cum
559 1845 714 1913 instantia
741 1844 909 1933 requisivit
944 1854 977 1913 et
998 1844 1091 1933 petiit
1120 1842 1249 1911 eosdem
1279 1867 1355 1912 suos
1377 1847 1504 1911 viciuos

261 1946 409 2030 villanos,
442 1957 478 2016 ut
507 1972 567 2037 por
588 1949 727 2038 vestigia
756 1949 894 2020 amdam
922 1949 1039 2034 furem,
1072 1971 1131 2037 pro
1153 1947 1267 2016 eodem
1297 1971 1383 2038 equo
1415 1951 1503 2017 relus·

202 2077 204 2080 ·
261 2049 378 2137 bondo,
413 2055 519 2141 ipsum
541 2055 669 2142 insequi
690 2053 899 2143 adjuvareot;
928 2051 1042 2120 villani
1063 2075 1140 2150 vero
1170 2051 1274 2120 furem
1304 2055 1438 2143 insequi
1460 2077 1505 2120 re·

131 2220 133 2223 ,
261 2165 425 2241 cusanaut,
448 2167 480 2225 et
501 2156 547 2225 itu
565 2157 733 2226 Johannes
754 2160 956 2249 praedictum
978 2157 1083 2224 furem
1105 2181 1178 2224 cum
1193 2180 1275 2246 equo
1296 2159 1416 2227 amisit
1441 2159 1503 2226 llos

264 2263 372 2349 itaque
394 2263 427 2328 iu
450 2261 507 2328 tali
530 2286 608 2330 casu
631 2263 850 2332 decernimus:
878 2262 1066 2330 Praedictos
1087 2261 1226 2329 villanos
1248 2261 1291 2330 ad
1313 2261 1504 2330 solvendum

260 2386 377 2453 equum
399 2363 520 2435 villano
542 2365 684 2435 dohanni
707 2365 978 2436 condemnandos.

344 2471 398 2538 51.
422 2469 549 2563 [Petrus
579 2483 773 2562 conquestus
794 2483 844 2540 est
866 2474 906 2564 de
929 2472 1089 2558 Johcune,
1124 2470 1212 2560 quod
1233 2473 1338 2560 ipsum
1361 2479 1501 2558 quatuor

258 2573 368 2660 digitis
390 2576 424 2641 iu
439 2599 538 2643 manu
548 2577 656 2662 gladio
670 2575 868 2664 mutuasset,
891 2575 978 2666 quod
988 2579 1012 2645 J
1013 2575 1155 2644 ohannes
1178 2599 1212 2642 se
1227 2573 1344 2642 fecisse
1357 2577 1501 2663 negavit.

257 2675 302 2764 Et
324 2677 400 2768 quia
424 2679 512 2747 idem
534 2681 649 2748 Petrus
671 2705 729 2771 pro
753 2681 865 2750 edem
895 2681 1095 2749 mutilatione
1117 2689 1191 2770 post
1211 2701 1330 2748 annum
1352 2677 1501 2768 elapsum

258 2782 508 2851 satisfactionem
542 2783 662 2852 habere
690 2785 839 2875 petebat,
873 2809 932 2853 nos
962 2787 1070 2876 itaquo
1098 2785 1132 2851 iu
1161 2783 1220 2851 tali
1253 2773 1331 2851 casu
1360 2783 1500 2851 eundem

256 2885 391 2954 Petrum·
421 2891 616 2956 mettertium
652 2892 901 2978 pronunciamus
934 2891 1138 2978 juraturum,
1178 2887 1265 2976 quod
1300 2887 1499 2976 praedictam

257 2990 490 3062 mutilationem
513 3005 651 3082 quatuor
673 2994 847 3082 digitomm
868 2995 983 3062 habuit
1003 3018 1025 3060 a
1045 2993 1221 3080 Johanus.]

385 3105 387 3110 ’
480 3110 530 3174 De
551 3109 609 3174 illo
630 3111 687 3197 qui
707 3133 740 3176 ee
761 3111 875 3178 weit
896 3110 1013 3197 injecta
1035 3107 1281 3174 condemnatum.

348 3211 402 3278 62.
436 3213 552 3280 Petrus
575 3211 694 3303 agebat
718 3223 829 3281 contra
851 3207 1032 3280 Johaunern
1048 3211 1206 3302 judicem,
1228 3209 1313 3299 quod
1335 3211 1367 3276 iu
1392 3233 1500 3278 causa

258 3335 355 3404 quam
386 3339 494 3385 coram
525 3320 596 3408 ipso
616 3317 737 3404 habuit,
770 3319 923 3407 injustam
946 3327 978 3383 ct
998 3317 1142 3405 iniquum
1172 3316 1362 3382 seutentiam
1386 3326 1499 3381 uonna

256 3421 362 3509 ipsum
392 3421 620 3511 promulgavit,
654 3444 760 3511 aqua
780 3421 947 3509 sententia,
982 3444 1082 3509 quum
1109 3422 1212 3511 ipsam
1241 3419 1323 3504 tulit,
1358 3417 1497 3485 eundem

250 3523 396 3614 judicem
415 3549 480 3595 nou
504 3530 704 3616 provocavit,
726 3525 919 3614 vulgariter:
942 3525 1137 3614 oieooqcoil.
1165 3524 1234 3592 Nos
1256 3526 1364 3614 itaque
1388 3521 1495 3612 hujus·

257 3627 344 3695 modi
378 3633 570 3700 sententium
593 3631 726 3722 judicis,
761 3654 844 3719 quae
871 3654 936 3698 non
958 3629 1018 3696 fuit
1039 3628 1149 3718 aliqua
1177 3628 1408 3719 provocatione
1431 3649 1496 3694 sus·

253 3754 365 3822 penso,
388 3733 565 3824 vulgariter
586 3738 832 3825 omcoqcoiooa,
862 3733 1062 3802 declaramus
1085 3734 1275 3801 transivisse
1296 3732 1332 3799 in
1352 3753 1425 3799 rem
1443 3735 1492 3820 ju·

254 3837 405 3924 dicatam,
427 3839 627 3930 praedictum
639 3841 771 3908 Petrum
793 3838 837 3907 ad
857 3863 995 3929 poenam
1017 3837 1159 3906 debitam
1171 3835 1251 3906 alias
1262 3858 1321 3926 pro
1328 3835 1496 3924 judicibus

256 3965 444 4032 expressum
466 3946 729 4014 condemnantes.

340 4051 394 4120 53.
418 4049 531 4140 [Falco
544 4074 604 4140 pro
613 4050 791 4118 hereditate
806 4049 924 4138 agebat
939 4059 1053 4117 contra
1062 4047 1429 4136 Hauricum3chrioua
1442 4069 1495 4112 au-

256 4169 332 4244 tem,
355 4159 504 4247 opposita
526 4156 615 4243 longi
636 4147 791 4243 temporis
807 4155 1070 4246 praescriptione,
1081 4155 1184 4242 ipsam
1195 4153 1492 4242 praescriptionem,

256 4274 292 4334 ut
302 4263 426 4347 debuit,
442 4260 609 4353 probavit3
626 4260 732 4352 judex
740 4269 848 4328 autem
864 4261 968 4348 ipsum
980 4257 1159 4324 Heuricum
1170 4255 1310 4324 absolvit
1331 4255 1373 4323 ab
1382 4256 1494 4324 eadem

257 4369 467 4458 impetitioue,
500 4365 663 4434 silentium
694 4365 829 4434 Falconi
859 4362 1063 4452 imponendo.
1097 4361 1176 4428 Post
1197 4361 1259 4429 hoc
1281 4363 1419 4428 veniens
1439 4361 1492 4426 Ni-

255 4472 366 4540 colaus
383 4473 495 4560 junior
516 4472 615 4538 frater
636 4469 799 4555 Falconis,
821 4469 950 4536 refricat
972 4478 1006 4536 et
1027 4469 1160 4535 innovat
1180 4465 1316 4533 eaodem
1335 4467 1493 4552 quaestio

255 4598 341 4641 nem.
385 4576 451 4642 Nos
485 4577 605 4661 itaque,
628 4574 726 4641 finem
749 4572 860 4640 litibus
882 4575 1049 4662 imponere
1070 4571 1249 4660 cupientes,
1271 4569 1491 4637 declaramus:
