3070 5118
738 1369 1009 1450 XXVIII.

528 1531 742 1634 statuta
777 1531 926 1634 ducis
964 1529 1198 1635 Ottonis.

683 1686 1046 1789 lete-1237.

339 1931 378 1995 In
399 1929 529 1996 nomine
551 1937 681 1994 sanctae
704 1936 737 1992 et
757 1925 944 1992 individuae
966 1926 1132 1993 Trinitatis
1155 1925 1269 1993 Amen.

340 2033 510 2100 Otacarius
532 2033 588 2120 qui
610 2042 643 2097 et
655 2030 806 2115 Primual,
828 2031 893 2097 Dei
909 2033 1015 2119 gratia
1029 2031 1223 2098 Boemorum
1238 2055 1307 2115 rex,
1332 2033 1483 2122 suppanis

254 2146 287 2204 et
308 2139 456 2205 omnibus
479 2136 640 2226 nobilibus
662 2145 760 2222 atquc
780 2135 880 2222 vulgo
902 2136 1087 2223 provinciae
1109 2135 1304 2202 Brennensis
1323 2147 1483 2224 perpetuo.

340 2242 507 2331 Aequitati
529 2250 578 2308 est
601 2250 852 2315 consentaneum
874 2250 906 2307 et
926 2241 1036 2327 regiae
1059 2241 1252 2308 conveniens
1274 2237 1484 2307 excellentiae

253 2347 374 2435 pariter
397 2356 430 2413 et
450 2347 574 2425 honori,
603 2345 707 2412 modis
738 2344 887 2412 omnibus
909 2345 951 2410 ad
973 2344 1035 2411 boc
1056 2345 1221 2411 intendere
1242 2353 1339 2433 atque
1360 2347 1433 2428 niti,
1454 2355 1483 2408 ut

253 2473 348 2544 nemo
368 2459 480 2546 contra
496 2450 580 2539 juria
602 2449 747 2515 ordinem
770 2457 973 2536 aggravetur,
996 2448 1053 2514 sed
1069 2449 1146 2538 jura
1168 2451 1276 2514 omnia
1295 2471 1483 2516 comerren·

179 2624 184 2637 ,
254 2565 307 2621 tur
329 2554 502 2642 unicuique
524 2555 653 2644 penitus
675 2553 880 2640 inconvulsa
909 2554 994 2642 juris
1017 2553 1102 2619 enim
1125 2554 1331 2620 observantia
1351 2563 1387 2620 et
1410 2565 1484 2620 tem·

254 2659 376 2747 poralis
408 2657 539 2726 honoris
573 2658 676 2746 gloria
705 2668 915 2726 conservetur
938 2668 971 2723 et
991 2658 1116 2724 animae
1137 2681 1157 2722 a
1189 2658 1263 2724 Deo
1286 2660 1320 2724 in
1352 2658 1483 2724 coelesti

253 2765 357 2852 patria
383 2764 560 2850 praemium
582 2762 740 2828 tribuitur.

338 2868 389 2933 Ne
405 2877 510 2934 autem
528 2891 566 2934 ea
574 2868 660 2957 jura,
683 2889 767 2955 quae
783 2869 872 2955 prius
894 2891 915 2934 a
931 2875 1050 2935 nostris
1072 2865 1388 2955 praedecessoribus,
1414 2877 1451 2934 ut
1469 2889 1484 2930 s

252 2972 358 3038 bonae
379 2972 554 3038 memoriae
576 2970 658 3037 duce
670 2971 819 3038 Conrado
831 2979 864 3036 et
874 2970 915 3037 ab
928 2971 1000 3037 aliis
1011 2969 1215 3058 postmodum
1228 2981 1283 3038 aut
1303 2971 1434 3038 anobis
1456 2974 1483 3037 in

253 3084 320 3142 tota
331 3075 511 3142 Brennensi
532 3077 699 3162 provincia
722 3085 796 3142 sunt
817 3083 944 3161 statuta,
965 3075 1281 3164 processutemporis
1302 3098 1360 3164 per
1374 3099 1483 3164 quem·

254 3200 351 3267 quam
380 3179 544 3246 hominum
576 3181 701 3268 possint
731 3180 891 3264 inmutari,
925 3181 983 3246 sed
1015 3191 1169 3267 perpetuo
1199 3179 1341 3248 stabilita
1361 3203 1483 3269 perma-

252 3293 351 3350 neant
371 3295 469 3372 atque
490 3283 598 3352 firma:
628 3286 755 3350 noverit
775 3293 839 3350 tarn
859 3307 1012 3373 praesens
1034 3295 1121 3352 oetas
1140 3309 1236 3374 quam
1259 3285 1328 3373 ejus
1347 3307 1484 3373 aequem

254 3390 435 3476 posteritas,
458 3389 545 3477 quod
566 3411 627 3454 nos
648 3386 758 3454 habito
781 3388 929 3474 diligenti
946 3397 1085 3456 tractatu
1102 3410 1175 3455 cum
1196 3387 1345 3456 fidelibus
1366 3393 1483 3456 nostris

253 3493 417 3581 suppanis,
440 3492 570 3558 Boemie
592 3494 714 3580 pariter
736 3515 775 3558 ac
796 3492 947 3578 bimaris,
973 3493 1116 3560 volentes
1138 3492 1180 3559 ab
1202 3491 1351 3558 omnibus
1372 3516 1482 3582 perpe

254 3605 308 3663 tuo
330 3594 561 3664 inviolabiliter
583 3595 758 3674 observari,
776 3598 854 3685 jura
876 3598 1043 3662 statuimus
1065 3599 1098 3663 in
1121 3597 1206 3663 bunc
1227 3596 1371 3663 modum:

339 3706 368 3786 5.
392 3704 421 3770 1.
454 3699 576 3768 Omnes
598 3699 803 3785 hereditates,
825 3723 904 3788 quas
925 3701 986 3766 viri
1005 3701 1131 3768 nobiles
1150 3711 1216 3768 tam
1238 3701 1483 3790 majoresqunm

252 3807 391 3872 minores
414 3797 558 3894 temporie
580 3804 671 3871 ducis
684 3803 827 3871 Conradi
850 3807 918 3871 sine
932 3804 1084 3893 quaerela
1099 3807 1188 3894 juste
1211 3815 1244 3871 et
1263 3803 1398 3893 pacifice
1412 3805 1484 3871 huc·

237 3899 355 3998 ¹usque
370 3909 592 3998 possederimt,
616 3911 650 3975 in
672 3909 758 3976 bona
775 3908 1007 3999 tranquillitate
1019 3911 1107 3998 pacis
1129 3908 1278 3976 ammodo
1289 3908 1483 3998 possideant

338 4017 369 4098 ἕ.
392 4013 423 4080 2.
448 4013 530 4080 Item
561 4013 669 4080 nullus
703 4015 899 4081 camerarius
935 4015 1012 4080 citet
1043 4013 1185 4102 aliquem
1206 4015 1270 4081 nisi
1303 4023 1392 4081 certo
1426 4015 1483 4080 sub

257 4119 439 4185 testimonio
462 4141 583 4202 eorum,
614 4141 748 4207 quorum
771 4121 913 4201 interest,
947 4126 980 4183 et
1007 4118 1196 4184 nominatim
1216 4117 1354 4208 quilibet
1375 4141 1481 4186 eornm

253 4221 352 4289 debet
384 4223 501 4289 ducere
532 4222 699 4290 castellani
720 4224 876 4308 nuntium,
910 4232 943 4288 et
963 4221 1062 4289 alium
1086 4222 1219 4311 judicis,
1252 4224 1384 4312 insuper
1405 4223 1481 4290 duos

235 4327 371 4419 probos
403 4328 491 4396 viros
520 4327 561 4394 de
584 4327 894 4394 circumsedentibus
916 4326 1012 4394 villis.
1056 4327 1101 4392 Et
1130 4328 1157 4394 si
1179 4329 1375 4394 camerarius
1396 4327 1481 4394 sedit

255 4433 325 4518 ipse
348 4431 509 4498 secundus
532 4441 588 4498 aut
609 4433 722 4497 tertius
745 4432 814 4497 sine
844 4432 963 4498 nuntiis
987 4431 1277 4515 beneficiariorum,
1306 4433 1334 4497 si
1360 4431 1478 4498 interti-

253 4535 347 4618 citur,
370 4535 451 4601 nihil
474 4536 514 4602 de
538 4559 575 4603 eo
597 4535 840 4623 respondeatur.
