3082 5128
460 459 586 513 xxxm.
606 460 711 514 suun
729 461 898 515 wasconia
914 460 936 512 1.
1236 443 1310 524 539

62 654 193 720 fuerin
215 653 426 720 communiter
442 652 494 720 vel
509 653 640 743 divisim
656 652 834 740 culpabiles
850 660 882 718 et
894 649 1126 739 delinquentes,
1149 651 1204 735 ita,
1225 648 1313 738 quod

61 759 108 824 ad
131 767 264 848 portam
286 757 459 845 tangendo,
479 756 655 846 quemlibet
675 758 820 847 ipsorum
842 758 943 824 citare
966 764 1129 840 teneatur3
1165 763 1313 822 cessante

62 863 218 951 qualibet
241 863 449 952 oppressione
471 863 666 952 supradicta.

144 1023 198 1089 Do
220 1023 290 1090 illis
312 1023 368 1112 qni
389 1024 555 1110 inopinate
577 1024 718 1088 citantur
740 1023 776 1088 in
797 1023 890 1088 cuna
910 1022 995 1110 repis
1016 1022 1051 1086 in
1065 1021 1236 1108 judicimus.

160 1155 211 1220 18.
246 1155 427 1238 Praeterea,
462 1152 748 1222 deliberationibus
772 1160 897 1219 constat
930 1161 1033 1218 mater
1055 1153 1209 1218 virtutum
1232 1153 1312 1240 ipsa,

62 1260 234 1344 discretim
275 1260 433 1344 confingit
462 1258 660 1346 plerumque,
700 1257 788 1346 quod
816 1257 917 1344 aliqui
947 1258 1048 1324 nostri
1077 1256 1251 1322 familiares
1281 1265 1314 1321 et

63 1361 123 1430 alii
156 1365 190 1428 in
220 1365 312 1429 curia
339 1373 451 1430 nostra
480 1363 654 1444 constituti,
688 1361 740 1427 vel
765 1361 941 1449 injudicio
975 1363 1124 1428 arrestati
1147 1361 1310 1448 inopinate

63 1471 138 1534 sive
156 1467 200 1534 ad
215 1476 358 1536 nostram
373 1466 427 1535 vel
438 1467 586 1556 judicum
602 1467 818 1555 praesentiam
841 1475 1026 1550 evocentur,
1050 1475 1082 1532 et
1098 1467 1312 1554 quaesu'ones‚

64 1571 107 1637 de
133 1572 253 1660 quibus
274 1575 381 1639 minus
403 1574 636 1660 cogitaverunt,
665 1573 712 1637 eis
734 1581 932 1639 moveantur.
976 1569 1055 1637 Ideo
1078 1571 1163 1658 parti
1184 1571 1313 1658 utrique

63 1677 243 1765 providere
266 1675 423 1762 volentes,
447 1676 542 1766 quod,
556 1677 641 1744 dioto
663 1676 759 1743 modo
782 1677 871 1742 citati
886 1699 960 1743 cum
975 1675 1061 1742 bona
1083 1675 1313 1741 deliberatione

64 1791 97 1846 et
122 1781 320 1849 discretione
343 1781 500 1869 propositi
523 1780 750 1870 respondeant,
780 1791 812 1848 et
833 1790 959 1847 actores
982 1780 1048 1846 suis
1071 1780 1313 1868 quaestionibus

63 1908 133 1951 nou
157 1887 352 1953 frustrentur
366 1909 471 1976 neque
493 1887 610 1970 causis,
634 1888 821 1952 statuimus:
851 1885 991 1968 Quodsi
1013 1885 1129 1974 aliquis
1153 1887 1186 1950 in
1202 1892 1313 1952 nostra

65 1991 161 2056 curia
185 1990 238 2056 vel
260 1993 295 2058 iu
312 1991 600 2079 judicioinveotus
620 1990 705 2057 etad
727 1999 871 2058 nostram
893 1989 946 2057 vel
968 1989 1199 2078 nostrijudicis
1220 2011 1313 2078 prae-

65 2097 209 2163 sentiam
240 2095 337 2162 fuerit
365 2095 461 2162 modo
491 2097 668 2184 praemisso
699 2105 863 2181 evocatus,
897 2105 987 2162 actor
1021 2119 1077 2162 seu
1110 2095 1182 2182 ipse
1211 2093 1315 2180 judex

65 2204 294 2289 quaestionem
317 2223 375 2268 seu
396 2223 527 2269 causam
552 2203 646 2268 citato
675 2201 771 2268 modo
794 2201 905 2268 debito
936 2201 1034 2268 debet
1056 2209 1089 2267 et
1109 2208 1237 2266 tenetur
1259 2223 1313 2265 ex·
1339 2195 1347 2204 ’

64 2329 204 2392 ponere,
228 2305 297 2372 sive
320 2307 506 2394 inscriptis
533 2305 680 2372 reddere.
702 2305 746 2372 Et
768 2305 811 2372 ad
833 2305 1072 2394 respodendum
1095 2304 1199 2370 eidem
1218 2325 1314 2392 quae-

65 2412 180 2495 stioni,
205 2421 240 2476 ut
261 2408 341 2477 alias
364 2413 578 2498 praemissum
600 2421 659 2493 cst,
695 2412 722 2476 si
745 2412 890 2498 quaestio
924 2410 1021 2476 fuerit
1043 2408 1240 2476 hereditaria
1260 2407 1314 2475 vel

64 2538 127 2603 pro
152 2537 272 2602 magna
291 2517 448 2604 pecuniae
471 2537 605 2600 summa,
628 2525 706 2603 puta
728 2538 786 2603 pro
799 2515 861 2580 XL
876 2515 994 2580 marcis
1017 2515 1196 2581 communis
1219 2535 1312 2600 pecu·

65 2622 155 2704 niae,
180 2621 337 2686 terminus
360 2621 457 2686 trium
474 2622 724 2709 septimanarum
747 2643 807 2708 per
818 2619 964 2708 judicem
987 2618 1092 2685 eidem
1115 2619 1314 2704 assignatum

64 2725 163 2809 alias,
196 2724 223 2789 si
245 2747 303 2812 pro
327 2725 442 2791 minori
465 2722 574 2791 debito
605 2722 658 2790 vel
692 2725 810 2813 injuria
831 2724 967 2808 verbali,
991 2725 1023 2790 in
1047 2724 1221 2790 crastinum
1244 2731 1314 2792 ter·

63 2833 178 2895 minus
203 2828 308 2896 eidem
330 2838 531 2917 prorogetur.

65 3003 164 3080 Quod
186 3005 408 3072 ministerialis
429 3029 494 3071 non
515 3005 602 3070 debet
624 3007 762 3092 aliquem
774 3009 873 3071 citare
885 3004 999 3091 ubsque
1009 3005 1160 3069 mandato
1175 3005 1311 3090 judicia

454 3110 511 3175 snb
528 3113 712 3198 privatione
733 3111 785 3174 sni
807 3109 918 3197 officii.

159 3241 210 3308 19.
234 3239 352 3307 Flebili
375 3241 507 3329 querela
531 3242 660 3328 saepius
682 3241 875 3332 recepimus,
904 3239 990 3328 quod
1011 3237 1236 3306 ministeriales
1256 3262 1314 3326 per

66 3355 192 3412 terram
225 3347 377 3434 girantes,
411 3368 569 3434 pauperes
609 3345 745 3412 villanos
782 3345 836 3410 val
863 3345 957 3411 villas
995 3344 1219 3432 religiosorum
1260 3355 1314 3410 aut

62 3471 231 3538 pauperes
261 3449 387 3516 nobiles
417 3449 574 3537 fatigandi
597 3461 629 3514 et
657 3449 801 3516 vexandi
823 3449 935 3516 modos
959 3451 1137 3536 exquisitos
1160 3451 1313 3516 adinven-

63 3555 164 3639 eriut,
187 3555 241 3638 ita,
264 3555 350 3641 quod
374 3555 400 3618 si
424 3553 560 3642 alicujus
589 3553 687 3620 villae
710 3577 867 3642 pauperes
888 3539 1006 3618 milites
1028 3563 1083 3619 aut
1105 3554 1217 3621 villani
1239 3553 1313 3621 reli·

63 3660 236 3744 giosorum
251 3680 305 3723 eos
318 3681 375 3746 pro
387 3651 589 3746 beneplacito
602 3660 744 3748 ipsorum
754 3658 939 3724 officialium
952 3657 1149 3746 quibuslibet
1162 3661 1313 3748 expensis

66 3785 137 3827 non
163 3771 363 3848 protractant
384 3785 445 3828 nec
465 3771 648 3849 procurant,
672 3763 769 3828 iidem
791 3763 1016 3831 ministeriales
1039 3763 1126 3852 ipsos
1155 3787 1314 3852 pauperes

64 3865 197 3932 nobiles
214 3869 284 3934 sive
307 3865 454 3952 villanos,
479 3869 547 3933 sine
568 3867 662 3956 culpa
684 3867 737 3933 vel
760 3889 857 3933 causa
877 3877 909 3933 et
936 3867 1056 3956 absque
1074 3868 1196 3956 judicis
1219 3891 1313 3956 prae-

63 3980 176 4059 cepto,
198 3973 295 4037 citare
317 3972 602 4060 praesumpserint,
617 3974 802 4038 occasiones
825 3973 1007 4037 vexationis
1019 3972 1179 4057 faciendo,
1202 3975 1309 4039 termi-

63 4097 128 4141 nos
152 4097 211 4162 pro
235 4073 328 4141 libito
353 4098 430 4166 suae
447 4073 621 4170 voluntatis
644 4075 791 4141 faciendo
814 4075 868 4141 vel
881 4077 1037 4142 facientes
1061 4087 1094 4142 et
1109 4078 1312 4163 assignantes

65 4191 101 4246 et
127 4179 251 4246 eisdem
282 4165 476 4265 statuentssq
511 4191 543 4246 et
566 4182 613 4246 sic
635 4181 732 4248 iidem
755 4203 913 4270 pauperes
949 4178 1074 4247 nobiles
1098 4183 1167 4248 sive
1189 4182 1313 4266 villani,

65 4309 134 4352 non
160 4285 308 4353 valentes
331 4285 424 4353 aliter
446 4287 651 4352 vexationem
674 4285 843 4370 redimere,
857 4285 1046 4372 saepissimo
1069 4295 1189 4350 certam
1211 4308 1312 4371 pecu-

66 4391 144 4455 niae
163 4411 321 4458 summam
335 4399 531 4478 componunt
554 4413 626 4455 cum
650 4389 781 4456 eisdem.
805 4389 982 4455 Undenas
1005 4389 1188 4478 hujusmodi
1210 4413 1307 4456 vexa-

67 4495 154 4560 tioni
177 4492 309 4561 obviare
332 4495 488 4580 volentes,
513 4496 700 4560 statuimus:
724 4494 820 4577 Quod
832 4490 983 4582 deinceps
1006 4494 1231 4560 ministeriales
1252 4495 1312 4560 sub

68 4623 178 4687 poena
200 4602 388 4687 privationis
411 4603 461 4667 sui
483 4599 746 4666 ministerialatus
761 4611 794 4667 et
805 4601 994 4687 spoliatione
1007 4601 1148 4666 omnium
1171 4623 1311 4686 suorum,

1030 4705 1099 4780 68*
