3082 5128
442 411 566 464 XXXIV.
586 411 692 464 sutura
712 411 883 464 Wislieencia
901 412 935 466 Il.
1237 415 1312 486 585

147 619 207 685 38.
231 619 315 685 (lum
337 641 381 684 ex
403 620 573 686 calumniis
585 619 808 706 malignatium
829 613 1005 685 destructio
1028 619 1070 684 sit
1090 615 1311 704 plurimorum,

58 727 223 790 convenit
234 733 384 808 statuere,
397 734 433 790 ut
439 723 564 812 judicia
576 724 824 791 castellanorum
837 723 1026 810 aliquorum,
1048 744 1183 810 quorum
1196 721 1312 788 solutio

56 829 290 894 tantummodo
312 851 355 894 ex
378 827 548 894 calumniis
571 827 766 916 dependent,
789 829 918 896 omnino
942 837 1155 916 amputentur.

144 933 205 999 39.
230 933 296 999 Sed
319 918 396 1020 quis
416 935 450 998 in
472 942 596 998 armata
617 934 733 1000 militia
753 934 857 1000 honor
878 935 965 1020 regis
987 943 1021 999 et
1042 931 1189 998 defensio
1212 933 1312 996 totius

56 1027 154 1123 regni
167 1035 346 1124 dependet,
367 1047 496 1102 tenetur
508 1036 645 1124 quilibet
658 1039 751 1104 miles
769 1037 946 1104 secundum
960 1039 1170 1125 quantitatem
1182 1057 1312 1100 suorum

56 1141 229 1206 redituum
273 1141 314 1208 ad
346 1139 582 1231 rempublicam
616 1144 711 1208 certis
748 1143 879 1208 armatis
912 1139 1096 1208 hominibus
1129 1140 1311 1222 deservire3

57 1245 243 1312 dummodo
265 1245 353 1310 bona
373 1247 517 1332 ipsorum
540 1247 574 1310 in
587 1244 745 1330 libertate,
768 1269 852 1334 quae
875 1247 920 1312 ita
943 1247 983 1310 de
1001 1247 1077 1333 Jurs
1089 1246 1218 1310 militari
1238 1243 1314 1308 sunt

56 1348 180 1434 libera,
203 1349 328 1437 absque
349 1351 437 1414 omni
460 1351 634 1416 vexatione
657 1359 898 1418 conserventur.

145 1455 203 1521 40.
227 1454 309 1519 Item
332 1464 365 1520 et
386 1475 429 1519 ex
452 1477 516 1541 quo
539 1475 622 1520 unus
644 1455 804 1543 princeps,
829 1477 927 1521 unum
948 1457 1014 1543 jus,
1028 1475 1103 1520 una
1125 1463 1255 1519 moneta
1278 1455 1311 1519 in

56 1567 129 1624 toto
152 1580 258 1644 regno
288 1556 385 1624 debet
413 1551 536 1643 haberi,
566 1557 653 1646 quod
676 1561 718 1624 sit
738 1569 947 1647 perpetuast
969 1558 1054 1624 bona
1076 1560 1109 1624 in
1131 1557 1252 1641 valore,
1276 1567 1314 1624 ut

59 1685 120 1749 per
144 1662 211 1728 hoc
234 1663 337 1749 magis
360 1663 402 1727 sit
424 1671 525 1748 grata.

148 1768 205 1832 41.
239 1767 294 1832 Ex
312 1767 389 1852 jure
411 1765 521 1832 divino
544 1774 681 1850 tenebar,
711 1767 798 1855 quod
820 1767 972 1854 iniquitas
1005 1767 1100 1834 unius
1133 1765 1225 1832 alteri
1248 1789 1313 1832 non

61 1869 185 1936 debeat
208 1869 333 1936 obesse.
377 1871 504 1936 Statuto
527 1867 589 1936 hoc
611 1869 707 1937 debet
729 1873 841 1949 teneri,
875 1869 961 1958 quod
983 1893 1042 1958 pro
1064 1893 1169 1958 poena
1191 1871 1313 1952 militie,

59 1983 117 2039 aut
141 1975 350 2062 fidejussoria
376 1975 535 2057 mutiens,
557 1974 691 2042 kmetho
714 1997 777 2040 non
800 1975 918 2040 debeat
943 1975 1170 2061 impignorari3
1205 1974 1314 2040 sedai

59 2088 193 2146 tenetur
216 2079 320 2163 miles,
343 2089 400 2144 aut
422 2081 528 2165 quivis
550 2077 641 2156 alter,
663 2078 719 2144 ille
742 2078 846 2145 solvat
868 2077 909 2142 de
931 2079 1069 2166 propriis
1091 2078 1195 2144 bonis.

148 2183 206 2248 42.
241 2181 329 2264 Quia
351 2205 394 2247 ex
417 2181 624 2268 obligationis
645 2179 799 2248 facilitate
823 2181 863 2246 ad
887 2203 1007 2265 magna
1028 2180 1146 2247 damna
1168 2180 1313 2248 hominos

60 2285 251 2371 deveniunt,
280 2289 356 2374 jure
379 2296 429 2352 est
450 2285 641 2352 tenendum:
672 2283 767 2366 Quod
791 2287 819 2350 si
845 2287 917 2372 quis
939 2284 1097 2372 fidejubet
1125 2284 1313 2372 proaliquo

58 2412 117 2455 suo
143 2393 251 2457 amico
275 2399 395 2456 certam
421 2393 605 2477 pecuniam,
628 2389 671 2456 ad
694 2390 835 2477 aliquem
848 2391 952 2454 civem
968 2387 1020 2455 vel
1037 2387 1189 2455 adolium
1205 2409 1313 2474 quern·

58 2515 210 2581 cumque,
223 2497 461 2583 cujuscumque
474 2505 575 2560 status
591 2493 646 2560 vel
662 2493 855 2560 conditionis
867 2493 995 2574 existat,
1019 2493 1077 2558 illo
1088 2491 1314 2558 nou-solvente

58 2599 89 2662 in
104 2601 248 2666 termino
260 2598 463 2683 adveniente,
476 2599 648 2686 fidejussor
658 2605 790 2686 propter
802 2597 865 2662 hoc
887 2619 952 2662 non
964 2595 1064 2662 debet
1084 2595 1127 2662 ad
1137 2593 1319 2682 hospitium

64 2703 97 2766 in
122 2702 310 2788 obstagium
333 2703 526 2786 subintrare,
548 2711 604 2768 aut
628 2700 739 2790 aliqua
759 2700 877 2768 damna
887 2701 994 2766 facere
1016 2723 1080 2768 non
1103 2700 1259 2766 solventis
1280 2701 1314 2763 in

62 2805 339 2890 destructionem
371 2807 477 2872 sedai
508 2815 558 2871 est
578 2827 716 2894 parrum
739 2805 891 2890 debitum,
928 2805 1022 2870 detur
1045 2806 1114 2891 ejus
1132 2805 1259 2891 pignus,
1283 2813 1315 2868 et

59 2909 279 2994 distrabatur3
303 2912 330 2976 si
353 2921 460 2977 autem
476 2933 638 2996 magnum,
656 2911 819 2998 possessio
836 2909 991 2976 debitoris
1010 2931 1069 2996 pro
1086 2907 1196 2973 valore
1211 2906 1315 2974 debiti

60 3037 121 3101 per
146 3015 370 3102 fidejussorem
394 3015 667 3102 apprehendatur,
690 3013 748 3098 illi,
772 3016 825 3080 cui
847 3013 990 3080 debitum
1016 3013 1092 3079 dare
1114 3021 1252 3078 tenetur.

147 3121 203 3185 43.
238 3118 303 3184 Sed
334 3121 411 3207 quia
440 3119 535 3184 ludus
558 3119 751 3199 taxillorum
774 3119 891 3185 multos
909 3119 1015 3204 justos
1037 3126 1071 3181 et
1092 3114 1173 3182 alios
1195 3114 1314 3202 probos

56 3225 195 3292 damrm
225 3233 257 3289 et
278 3222 479 3303 dehonestat,
511 3245 570 3311 pro
592 3222 735 3288 remedio
757 3221 853 3309 hujus
876 3220 1011 3308 periculi
1033 3229 1188 3285 statutum
1216 3218 1315 3285 debet

56 3329 186 3396 teneri:
216 3326 314 3408 Quod
336 3326 432 3392 ludus
447 3327 641 3392 taxillorum
664 3349 722 3414 pro
746 3335 859 3412 parata
889 3325 1028 3412 pecunia
1049 3333 1249 3406 exerceatur,
1283 3331 1316 3388 et

60 3455 126 3499 non
152 3431 266 3497 ludant
287 3431 330 3497 ad
353 3440 526 3519 praestem,
549 3433 633 3496 sicut
654 3430 761 3496 faeere
784 3429 846 3494 hoc
874 3437 1122 3494 consueverunt.
1167 3427 1314 3513 Namque

57 3537 196 3622 plurimi
226 3535 381 3614 homines,
417 3535 459 3601 ad
481 3537 563 3600 iram
592 3533 764 3620 provocati
787 3534 820 3596 in
843 3531 929 3613 ludo,
965 3541 998 3596 et
1026 3531 1171 3611 volentes
1202 3530 1315 3596 ulcisci

61 3649 182 3708 contra
203 3640 380 3721 vincentes,
405 3637 518 3704 ludunt
540 3638 625 3704 ultra
648 3635 861 3703 substantiam
885 3637 1044 3722 ipsorum;
1078 3635 1156 3722 quia
1177 3632 1314 3698 facilitas

62 3747 248 3829 scripturae
280 3743 382 3830 ipsius
411 3741 480 3808 ludi
509 3765 573 3808 non
607 3764 662 3808 eos
692 3750 807 3824 gravat
829 3748 964 3820 tantum,
999 3747 1154 3826 quantum
1183 3747 1315 3824 paratae

56 3849 220 3936 pecuniae
243 3847 374 3914 amissio
396 3849 484 3933 ipsos
506 3854 685 3933 gravasset.

146 3951 201 4015 44.
219 3951 329 4033 Porro,
344 3971 419 4014 eum
426 3949 559 4036 judaica
570 3949 714 4036 pravitas
732 3958 762 4013 et
777 3949 911 4013 intentio
922 3947 956 4010 iu
968 3945 1030 4011 hoo
1042 3969 1139 4033 saepe
1151 3955 1312 4025 versetur,

59 4067 96 4122 ut
133 4053 326 4119 christianos
358 4074 422 4119 non
452 4062 577 4119 tantum
600 4051 732 4135 infide,
768 4061 921 4138 quantum
944 4051 1040 4115 etiam
1072 4049 1105 4115 in
1128 4048 1314 4115 divitiarum

59 4159 275 4247 oppressione
287 4177 416 4245 semper
432 4155 592 4244 deprimat
614 4166 646 4221 et
657 4153 785 4240 evellat,
807 4155 960 4220 convenit
970 4163 1128 4219 statuere:
1155 4151 1196 4218 Ut
1209 4151 1315 4227 nullus

62 4263 214 4331 Judaeus
237 4261 377 4350 amplius
399 4259 495 4326 alicui
526 4260 712 4342 christiano,
744 4259 776 4323 in
800 4279 901 4345 regno
923 4267 1034 4323 nostro
1057 4256 1174 4322 amodo
1198 4258 1315 4321 consti·

60 4379 144 4445 tuto,
180 4387 255 4432 suas
280 4365 433 4453 pecuniae
456 4386 552 4451 super
575 4362 683 4429 literae
707 4361 916 4449 obligationis
941 4369 1086 4449 praestet
1107 4370 1163 4426 aut
1184 4367 1317 4437 mutuet,

60 4472 119 4538 sed
142 4479 266 4536 tanturn
298 4467 340 4534 ad
362 4471 478 4556 pignus
502 4465 665 4532 sufficiens
695 4476 864 4553 praestare
887 4463 1005 4549 valeat,
1037 4462 1219 4530 seeundum
1242 4485 1315 4528 oon-

65 4574 271 4644 suetudinem
293 4573 470 4661 antiquitus
494 4571 708 4638 observatam.

166 4679 238 4730 stov.
255 4677 373 4742 zsrony.
1061 4659 1107 4730 74
