3082 5128
478 477 602 528 XXXIV.
621 477 727 530 Stutnta
745 475 915 528 Wisliccnsia
933 477 964 528 Il.
1262 464 1336 535 573

76 663 277 730 observari.
324 665 359 730 Si
392 688 470 730 vero
494 687 601 730 coram
624 666 754 732 domino
777 665 1021 754 archiepiscopo
1056 667 1118 732 boc
1150 667 1236 732 idem
1264 689 1337 732 con-

75 770 217 852 tigerit,
251 769 414 853 videlicet,
449 770 534 857 quod
565 769 730 836 cultellum
754 770 807 836 vel
830 770 971 856 gladium
1002 771 1119 858 aliquis
1149 774 1337 843 extraxerit,

77 875 163 939 sive
191 873 412 940 vulneraverit
435 875 504 940 sive
527 897 602 958 non,
636 897 750 963 poena,
782 897 865 963 quae
887 875 1006 941 dicitur
1027 877 1247 958 aedmdaeautlr,
1282 899 1337 963 pu-

75 979 216 1059 niatur,
240 979 344 1044 eidem
369 979 498 1045 domino
521 978 764 1067 archiepiscopo
787 979 988 1066 applicanda.
1019 981 1062 1046 Et
1088 981 1209 1068 siquis
1233 982 1339 1067 turpia

78 1103 208 1150 coram
244 1106 282 1148 eo
315 1082 414 1148 alicui
436 1081 613 1170 protulerit,
645 1107 782 1171 poenam
805 1083 910 1150 eidem
933 1085 1061 1149 domino
1085 1085 1337 1172 archiepiscopo,

76 1210 180 1274 quae
204 1187 270 1252 XV
293 1187 422 1268 dicitur,
455 1187 627 1274 persolvat.
669 1189 704 1254 Si
726 1211 803 1254 vero
827 1191 859 1252 in
883 1189 972 1254 curia
994 1199 1103 1254 nostra
1124 1188 1177 1254 vel
1200 1187 1337 1276 alicujus

81 1291 214 1358 militis
237 1293 380 1357 manicas
404 1293 475 1379 quis
506 1293 691 1375 detraxerit,
725 1294 812 1358 auris
836 1291 977 1380 periculo
1001 1294 1043 1356 sit
1065 1293 1239 1379 subjectus.
1273 1293 1338 1359 Ubi

77 1418 174 1462 vcro
199 1418 307 1462 coram
330 1395 431 1461 milite
447 1397 518 1483 quis
541 1396 686 1483 gladium
709 1396 761 1462 vel
785 1395 949 1460 cultellum
972 1399 1151 1463 extraxerit
1173 1407 1205 1463 et
1227 1396 1337 1462 vulne-

80 1500 218 1565 raverit
238 1499 389 1587 aliquem,
422 1523 536 1566 manus
569 1523 628 1566 sua
659 1502 691 1566 in
724 1501 828 1586 gratia
850 1499 961 1564 militis
984 1501 1155 1584 consistat3
1180 1505 1208 1567 si
1231 1509 1338 1567 autem

81 1604 214 1670 vulnus
238 1628 303 1670 non
327 1603 479 1688 intulerit,
504 1604 633 1670 cultello
657 1628 770 1671 manus
794 1628 853 1671 sua
874 1606 993 1691 poterit
1015 1608 1185 1691 penetrari.

184 1709 213 1776 7.
243 1709 459 1775 Decrevimus
483 1709 695 1778 declarando:
728 1710 823 1792 Quod
846 1733 904 1776 nos
927 1709 979 1774 vel
1003 1711 1189 1797 capitaneus
1220 1720 1339 1792 noster,

82 1812 267 1898 palatinus,
296 1812 410 1900 judex,
445 1813 608 1900 subjudex
630 1823 663 1878 et
685 1813 844 1896 officialia,
880 1816 934 1902 qui
957 1814 1072 1879 dicitur
1094 1839 1211 1901 wozoy,
1242 1815 1337 1880 habe-

83 1927 149 1984 ant
172 1917 358 1982 facultatem
381 1916 479 1983 dandi
503 1918 745 1984 ministerialem
768 1919 810 1984 ad
833 1918 1013 2001 citandum3
1041 1920 1086 1984 ita
1109 1927 1226 2000 tameo,
1250 1919 1337 2005 quod

85 2022 151 2108 qui
175 2020 295 2088 habent
313 2023 379 2108 jus,
402 2033 437 2086 ut
463 2045 528 2087 non
552 2024 690 2088 uitentur
713 2023 775 2088 nisi
798 2045 856 2110 per
878 2022 988 2088 literas
1012 2031 1137 2088 nostras
1161 2022 1212 2088 vcl
1237 2024 1339 2088 nostri

88 2127 269 2214 capitanei,
305 2125 352 2190 illi
382 2148 441 2211 per
469 2125 578 2192 literas
609 2125 779 2193 dumtaxat
817 2129 965 2193 uitentur.
1011 2127 1075 2194 Sed
1109 2128 1197 2192 curia
1231 2136 1340 2192 nostra

86 2241 266 2316 praesente
292 2229 346 2294 vel
372 2228 496 2316 judicio
529 2239 639 2295 nostm
670 2229 814 2316 generali
837 2233 1007 2314 existente,
1042 2232 1160 2317 poterit
1190 2230 1337 2296 officialis

88 2334 137 2398 ad
162 2333 352 2400 mandatum
367 2343 522 2416 nostrum,
541 2333 593 2400 vel
616 2335 786 2422 capitanei,
810 2357 867 2399 seu
885 2335 1016 2422 judicie,
1040 2339 1109 2400 sine
1126 2334 1218 2401 litera
1241 2335 1339 2400 citare
1394 2315 1403 2334 ⁸

88 2439 124 2504 in
150 2439 290 2526 bospitio
324 2437 377 2504 vel
406 2440 440 2503 in
463 2438 541 2504 foro.
588 2439 652 2504 Sed
676 2448 769 2504 extra
793 2440 915 2505 curiam
938 2449 1080 2504 nostram
1104 2438 1156 2504 vel
1176 2439 1339 2526 judicium

89 2553 242 2608 nostrum
277 2544 304 2607 si
339 2543 410 2629 quis
433 2543 525 2608 citari
556 2541 714 2626 debuerit,
748 2565 812 2608 non
835 2545 867 2608 in
892 2543 987 2608 domo
1019 2543 1138 2624 militis,
1172 2543 1228 2608 sed
1252 2542 1339 2628 apud

91 2647 287 2712 wladarium
325 2647 378 2714 vel
418 2646 588 2713 scultetum
624 2647 763 2713 edictum
795 2648 977 2712 citatorium
1007 2657 1186 2734 proponat,
1228 2655 1336 2712 actore

90 2761 268 2838 praesente
302 2750 353 2816 vel
388 2753 457 2840 ejus
490 2753 619 2836 nunti03
653 2752 796 2818 dicentes
821 2753 861 2835 ei,
886 2762 996 2818 contra
1020 2775 1114 2840 quem
1138 2751 1234 2818 fuerit
1257 2753 1339 2816 actio

92 2856 276 2943 dirigenda,
291 2879 389 2924 causa
408 2857 578 2938 citationis,
603 2867 635 2921 et
646 2879 704 2944 per
727 2879 822 2943 quem
846 2861 972 2940 citatur,
995 2858 1150 2944 exposita,
1175 2855 1237 2920 sibi
1251 2865 1338 2920 certo

90 2962 261 3046 assignato
283 2963 421 3026 termino
444 2961 668 3047 comparendi3
692 2970 727 3026 ut
749 2962 776 3025 si
800 2963 915 3027 citatus
932 2983 1117 3048 comparere
1133 2959 1272 3025 noluerit
1284 2958 1340 3022 vel
1447 2955 1450 2960 ’

92 3067 334 3152 contempserit,
358 3089 416 3152 pro
429 3063 573 3153 quolibet
596 3066 856 3155 termiuoprimo,
877 3065 1028 3146 secundo,
1051 3074 1122 3130 octo
1146 3072 1266 3130 scottos
1281 3086 1339 3152 pro

92 3194 202 3259 poena
222 3169 346 3258 judicio
369 3169 496 3236 solvere
519 3179 682 3254 teneatur,
714 3180 745 3236 et
774 3172 806 3236 in
830 3172 925 3236 tertio
948 3171 1095 3250 termino,
1119 3170 1146 3233 si
1170 3192 1233 3233 non
1256 3190 1338 3233 com-

94 3277 252 3362 paruerit,
277 3297 406 3342 causam
429 3276 543 3362 perdet
566 3285 597 3339 et
619 3275 660 3340 ab
683 3275 808 3341 actione
832 3275 935 3358 cadat,
960 3298 1033 3340 cum
1044 3297 1157 3361 poena.
1183 3273 1278 3354 Quod
1301 3273 1341 3337 de

93 3383 140 3446 rei
160 3381 363 3446 contumacia
385 3388 434 3444 cst
455 3377 710 3464 intelligendum.
734 3381 771 3445 si
793 3401 870 3446 vero
894 3390 983 3446 actor
1005 3381 1039 3443 in
1063 3381 1166 3466 primo
1189 3379 1336 3459 termino,

94 3507 158 3550 nec
181 3475 238 3570 per
261 3507 305 3560 so,
329 3507 389 3550 neo
411 3506 469 3570 per
491 3483 590 3548 alium
613 3505 706 3550 suum
729 3484 881 3550 nuncium
901 3485 1125 3569 comparuerit,
1149 3482 1190 3547 ab
1213 3483 1338 3547 actione

94 3613 156 3655 sua
178 3587 282 3670 cadat,
306 3610 380 3652 cum
402 3611 507 3676 poena
528 3610 588 3652 sex
610 3611 802 3671 marcarum,
825 3609 908 3676 quae
930 3589 962 3653 in
975 3587 1122 3676 polonico
1146 3587 1248 3652 caedor
1261 3585 1336 3674 (sic)

93 3694 256 3782 yrzyurieo
278 3703 490 3781 nuncupatur.

184 3801 215 3864 8.
250 3798 412 3884 Perpetuo
433 3795 640 3884 prohibemus
665 3795 787 3863 edicto:
824 3795 919 3880 Quod
946 3797 1046 3863 nostri
1075 3794 1259 3874 familiares,
1284 3794 1338 3860 vel

94 3903 152 3968 alii
174 3902 312 3990 quilibet
334 3904 366 3968 in
389 3913 498 3968 nostra
521 3905 611 3967 curia
622 3903 720 3986 citati,
735 3924 793 3966 scu
805 3923 913 3968 coram
927 3901 1019 3966 nobis
1032 3899 1085 3966 vel
1096 3909 1205 3964 nostro
1214 3900 1339 3987 judicio

94 4009 246 4073 arrestati
269 4016 302 4072 et
323 4007 489 4094 inopinate
519 4008 651 4083 inventi,
682 4005 880 4092 respondere
904 4005 1035 4070 minime
1057 4013 1243 4086 teneantur3
1278 4002 1336 4068 sed

95 4112 186 4177 citati
209 4110 361 4196 legitime,
385 4111 560 4196 propositis
585 4110 647 4175 sibi
671 4110 859 4187 actionibus,
884 4107 1163 4174 eoramnobisvel
1172 4105 1338 4193 judicibus

96 4218 215 4282 nostris
247 4215 496 4303 respondebunt,
532 4237 687 4280 concessa
721 4214 782 4280 sibi
815 4213 867 4280 vel
901 4215 946 4278 eis
981 4211 1213 4280 deliberatione
1244 4233 1341 4297 super

97 4321 270 4409 propositis
293 4319 474 4386 actionibus
498 4321 700 4406 competenti.

183 4427 214 4490 9.
237 4424 412 4490 Praeterea
435 4425 604 4490 statuimus
628 4432 660 4488 et
683 4422 788 4488 edicto
807 4431 963 4510 perpetuo
989 4422 1112 4487 servari
1136 4417 1343 4486 mandamus:

99 4527 197 4610 Quod
220 4529 414 4616 quicumque
436 4529 601 4594 venditam
623 4529 857 4614 possessionem
881 4527 966 4592 infra
989 4537 1060 4592 octo
1083 4547 1196 4606 annos,
1231 4522 1344 4589 volens

100 4636 131 4698 iu
146 4657 186 4698 ea
201 4630 332 4720 aliquod
351 4637 407 4720 jus
424 4631 607 4712 vendicare,
630 4633 661 4698 iu
672 4631 831 4718 judicium
855 4655 920 4698 non
934 4631 1107 4696 deduxerit
1129 4627 1345 4710 reclamando,
