3070 5118
240 413 316 486 500
572 427 657 480 XXX.
675 427 815 480 Decretum
833 427 997 480 comitiorum
1014 443 1051 480 eo.
1071 427 1146 480 1266.

238 618 318 685 alias
340 641 392 684 res
414 616 685 706 aliquibnsinvia
695 617 910 684 residentibus
925 617 1051 682 sofena
1062 626 1254 704 praesumat,
1288 628 1321 684 et
1342 621 1470 686 omnino

238 724 327 808 nihil,
349 732 475 812 praeter
486 721 638 811 pabulum
650 721 868 788 tantummodo
891 744 948 808 pro
971 724 1061 808 equis
1084 724 1159 806 suis,
1184 722 1340 790 violenter
1361 733 1469 790 attem-

237 837 315 915 ptet
359 834 388 914 ξ.
411 829 442 894 2.
465 826 502 892 Si
521 849 600 892 vero
634 825 751 914 aliquis
785 827 819 892 in
848 827 1036 892 temeritatis
1057 849 1270 915 prorumpens
1302 828 1469 896 audaciam

236 933 360 1022 aliquid
387 931 473 998 ultra
503 930 667 1019 pabulum,
698 929 785 1017 quod
817 931 880 997 sibi
901 952 959 1018 pro
992 931 1084 1018 equis
1114 931 1214 998 libere
1246 934 1394 1020 recipere
1425 945 1470 998 est

236 1040 439 1126 permissum,
473 1035 600 1102 auferre
622 1037 860 1123 attemptaverit
881 1033 990 1102 allioui
1022 1044 1054 1100 et
1085 1035 1167 1102 illud
1195 1035 1280 1123 quod
1315 1036 1470 1104 violenter

236 1145 368 1230 accepit,
391 1141 612 1208 aestimatione
641 1141 836 1226 competenti
857 1137 969 1206 habita
1002 1140 1045 1205 ad
1078 1139 1113 1206 X
1146 1163 1324 1207 marcarum
1348 1143 1470 1228 argenti

237 1270 393 1315 summum
415 1269 450 1312 se
472 1245 506 1311 in
539 1253 663 1310 tautum
697 1244 852 1311 extendet
873 1243 926 1310 vel
949 1247 1035 1312 circa
1055 1246 1156 1331 ipsius
1179 1269 1323 1312 summae
1354 1247 1471 1312 resedit

236 1353 460 1442 quantitatem:
500 1359 578 1414 tunc
609 1347 664 1415 ille
696 1351 749 1416 cui
782 1349 844 1415 hoc
878 1349 1021 1415 ablatum
1053 1348 1160 1432 fuerit,
1194 1351 1236 1416 ad
1269 1350 1466 1418 vicioniores

238 1456 301 1534 sibi
323 1455 545 1521 beneficiarios
568 1461 601 1518 et
615 1451 744 1539 judices
765 1475 824 1540 pro
855 1452 1080 1540 consequenda
1096 1453 1224 1540 justitia
1245 1452 1286 1520 de
1308 1453 1469 1521 illatasibi

236 1561 389 1626 violentia
409 1559 457 1624 ire
480 1556 576 1624 debet
597 1565 630 1622 et
662 1578 770 1624 coram
792 1557 871 1645 ipsis
893 1556 984 1624 illum
1006 1559 1062 1644 qui
1097 1559 1160 1623 sibi
1181 1555 1372 1624 violentiam
1391 1561 1469 1624 intu-

236 1665 319 1750 lerit,
352 1664 532 1730 convenire.
577 1666 607 1747 §t
642 1661 672 1728 3.
706 1661 913 1729 Beneficiarii
949 1672 1057 1729 autem
1079 1685 1176 1730 causa
1208 1662 1261 1728 vel
1295 1663 1468 1730 intentione

234 1769 321 1836 illius
344 1769 399 1855 qui
420 1789 534 1854 passus
556 1777 605 1832 est
627 1765 823 1850 violentiam,
846 1765 1018 1851 intellecta,
1041 1791 1114 1834 eum
1137 1765 1281 1853 quitalis
1303 1791 1464 1854 praesum-

235 1874 300 1961 psit
320 1873 436 1954 lacere,
460 1879 492 1936 et
514 1870 554 1938 de
577 1893 640 1957 quo
652 1892 766 1958 passus
791 1870 977 1939 violentiam
1002 1873 1104 1958 exigit
1125 1872 1185 1937 sibi
1208 1870 1280 1936 fieri
1302 1874 1466 1952 rationem,
1524 1873 1525 1924 Ῑ

235 1999 299 2043 uno
315 1976 420 2044 edicto
442 1974 661 2042 tantummodo
683 1995 741 2062 pro
762 1975 910 2043 omnibus
933 1977 1145 2064 peremptorie
1167 1978 1260 2042 citeri
1282 1976 1413 2056 faciant,
1435 1992 1466 2040 ut
1524 1985 1525 1990 ’

234 2103 347 2158 coram
367 2083 413 2148 eis
435 2080 579 2148 lecturus
603 2082 760 2146 rationem
782 2079 825 2146 de
846 2081 909 2146 hiis
939 2103 1036 2168 super
1057 2081 1174 2166 quibus
1196 2079 1387 2169 impellitur,
1411 2081 1466 2146 de-

235 2185 311 2253 bent
332 2207 527 2274 comparere.
572 2190 602 2268 §-
636 2185 665 2251 4.
700 2183 765 2264 Qui
797 2185 957 2272 siquidem
989 2195 1174 2270 conventus,
1209 2187 1236 2251 si
1270 2207 1304 2250 se
1335 2209 1375 2250 ac
1398 2208 1465 2250 suos

234 2289 380 2356 homines
412 2311 521 2356 eoram
554 2287 676 2354 eisdem
710 2287 923 2356 beneficiariis
959 2292 1191 2376 expurgaverit
1224 2311 1282 2378 per
1305 2289 1465 2376 proprium
1525 2353 1526 2382 ,

230 2395 449 2482 juramentum
470 2392 512 2458 ab
535 2393 734 2480 impetitione
757 2389 949 2480 hujusmodi,
973 2393 1182 2476 absolvatur3
1210 2415 1323 2458 verum
1346 2395 1376 2459 si
1397 2415 1463 2481 pro·
1525 2403 1526 2414 ³

235 2498 374 2579 habitur,
397 2496 484 2583 quod
518 2506 754 2564 sacramentum
776 2495 910 2584 abipso
933 2519 989 2562 reo
1014 2499 1202 2586 praestitum
1223 2497 1341 2564 falsum
1364 2497 1463 2578 fuerit,

234 2611 312 2668 tunc
333 2600 427 2668 nobis
438 2599 675 2688 adjudicabitur
697 2610 729 2665 et
750 2599 847 2666 rebus
859 2601 1127 2694 condemnabitur
1149 2611 1181 2668 st
1208 2624 1356 2689 persona.
1380 2607 1410 2686 ξ.
1433 2603 1461 2666 5.

235 2707 272 2773 si
293 2716 400 2774 autem
421 2727 495 2772 reus
517 2703 749 2772 velaoousatus
762 2705 804 2770 ad
822 2706 1068 2793 expurgandum
1090 2729 1126 2772 se
1148 2705 1201 2773 vel
1224 2728 1300 2773 suos
1323 2706 1463 2772 homines

235 2821 400 2899 praestare
409 2810 547 2878 noluerit
561 2819 809 2876 sacramentum:
821 2812 921 2876 actori
928 2810 1216 2897 condempnabitur
1226 2813 1266 2876 ad
1279 2809 1461 2898 integralem
1526 2885 1527 2906 χ

236 2915 472 2982 restitutionem
483 2937 594 2983 eorum
605 2915 756 2998 omnium,
769 2937 827 3002 pro
841 2915 957 3002 quibus
970 2923 1147 2983 conventus
1167 2916 1264 2981 luerit
1284 2915 1327 2982 ab
1348 2925 1461 2980 actore.

119 3023 122 3030 '
234 3025 265 3104 §-
289 3021 318 3087 6.
342 3021 515 3088 Praeterea
543 3030 650 3088 umen
680 3019 767 3086 idem
788 3018 891 3086 solvet
925 3020 1003 3106 ipsis
1036 3018 1242 3086 benificiariis
1265 3041 1325 3106 pro
1348 3019 1462 3085 offensa

234 3135 266 3192 et
288 3124 493 3192 nihilominus
514 3134 658 3192 nostrum
688 3123 821 3190 intrabit
842 3145 1016 3208 carcerem,
1039 3125 1072 3190 in
1094 3145 1298 3210 quocumque
1320 3123 1392 3192 loeo
1405 3122 1459 3188 sibi

238 3229 508 3318 deputaverimus,
531 3229 652 3296 ibidem
671 3245 812 3316 perocto
829 3231 1080 3316 septimanarum
1102 3231 1239 3316 spatium
1262 3227 1460 3294 detinendus.

235 3339 264 3418 §-
289 3333 315 3400 7.
340 3333 405 3402 Sed
427 3335 455 3400 si
476 3355 559 3422 quae
589 3343 720 3420 recepta
746 3333 886 3416 fuerumt,
909 3355 945 3400 se
979 3331 1064 3398 ultra
1084 3333 1118 3398 X
1140 3355 1320 3420 marcarum
1343 3331 1458 3421 quanti·

232 3448 331 3506 tatem
354 3439 541 3522 extendunt,
575 3447 651 3504 tunc
683 3460 758 3504 reus
788 3436 830 3503 sd
852 3439 1068 3523 praesentiam
1089 3435 1360 3504 beneficariorum
1382 3437 1459 3502 Prs-

235 3543 382 3630 gensium
407 3564 468 3610 uno
491 3540 710 3610 tantummodo
723 3542 827 3608 edicto
840 3564 897 3630 pro
921 3542 1067 3609 omnibus
1081 3541 1232 3608 citabitur
1252 3541 1460 3630 peremptorie

234 3670 456 3736 responsurus,
480 3658 513 3713 et
534 3646 575 3714 de
595 3649 666 3736 ipso
701 3647 798 3713 simili
821 3645 916 3714 modo
938 3647 995 3714 fiet
1010 3646 1171 3736 judicium
1194 3657 1226 3712 et
1246 3645 1393 3712 vindicte
1412 3667 1458 3710 su·

235 3761 348 3836 metuar,
371 3759 467 3842 prout
489 3751 635 3840 superius
659 3760 708 3818 est
731 3773 930 3839 expressum.

319 3856 380 3923 ΠΙ.
403 3855 455 3922 De
483 3857 674 3942 prescriptis
707 3877 783 3922 vero
810 3855 1036 3921 sententiatum
1069 3861 1119 3920 est
1147 3853 1256 3920 taliter
1290 3863 1324 3920 et
1358 3852 1458 3920 decre·

233 3970 318 4026 turn:
342 3959 438 4042 Quod
468 3961 661 4048 quicumque
691 3961 761 4025 sive
795 3959 874 4027 baro
897 3961 966 4026 sive
999 3958 1091 4025 miles
1122 3959 1191 4024 sive
1213 3957 1460 4046 qualiscumque,

233 4066 448 4152 proscriptum
469 4062 610 4151 aliquem
643 4063 866 4150 receptaverit,
888 4062 1015 4147 foverit,
1044 4065 1114 4129 sive
1135 4061 1291 4128 victualis
1313 4063 1344 4126 ei
1366 4061 1461 4126 mini-

234 4171 392 4252 straverit,
415 4190 525 4234 seeum
547 4168 747 4254 equitaverit,
760 4165 813 4233 vel
831 4167 976 4234 homines
989 4189 1064 4234 suos
1075 4167 1209 4249 miserit,
1232 4173 1289 4232 aut
1310 4167 1346 4230 in
1359 4163 1460 4251 aliquo

232 4276 338 4361 ipsum
359 4273 566 4360 promoverit,
590 4271 649 4360 (et)
672 4271 712 4338 de
734 4273 834 4360 ipsius
865 4275 1089 4359 receptatione,
1119 4269 1260 4340 fomento
1283 4292 1344 4336 seu
1364 4271 1458 4335 vietu-

232 4378 331 4444 alium
353 4377 592 4454 ministratione,
605 4378 799 4462 equitatione
818 4387 915 4464 atque
934 4378 1143 4464 promotione,
1156 4375 1319 4456 baronem,
1331 4373 1459 4441 militem

232 4480 286 4547 vel
306 4479 406 4546 alium
428 4479 694 4566 qualemcumque
723 4482 889 4548 civitatum
919 4481 1068 4548 consules
1098 4479 1280 4568 profitendo
1315 4479 1456 4545 crimina·

233 4583 370 4649 buntur:
403 4581 458 4649 ille
490 4587 542 4650 cui
574 4585 751 4670 praemissa
771 4584 825 4652 vel
847 4589 1097 4672 praemissorum
1119 4583 1252 4672 aliquod
1274 4594 1456 4671 opponetur,
