3060 5126
573 1291 728 1374 XXI.

311 1499 496 1604 Zakon
536 1499 805 1606 slavonski
841 1503 991 1608 1273.

119 1749 188 1815 Nos
212 1744 371 1826 Mathone,
396 1741 496 1808 benus
520 1744 622 1808 tocius
645 1742 844 1822 Sclsvoniae,
874 1745 1092 1830 significemus
1115 1747 1263 1814 omuibus

39 1853 239 1944 presencium
260 1873 320 1938 per
340 1859 493 1924 tenorem,
517 1845 604 1933 quod
626 1847 659 1910 in
675 1849 929 1934 congregacione
949 1851 1039 1938 regni
1062 1853 1165 1918 tocius
1178 1849 1264 1920 Scis·

39 1960 130 2022 venie
153 1953 308 2044 genersli,
332 1949 457 2018 nobiles
480 1961 512 2016 et
529 1951 722 2038 jobsgiones
745 1961 922 2019 castrorum
945 1953 1005 2020 hec
1022 1955 1099 2042 jura
1119 1955 1210 2042 regni
1236 1964 1268 2022 et

39 2061 173 2128 banstus
195 2059 407 2144 infrascripta,
430 2055 562 2122 reducta
583 2057 616 2120 in
640 2057 779 2144 scriptis,
801 2056 894 2123 nobis
907 2055 1132 2144 exbibuerunt,
1156 2068 1265 2148 peteu-

39 2179 95 2249 tes,
107 2164 194 2252 quod
211 2187 250 2230 ea
263 2165 296 2229 in
307 2161 440 2250 judiciis
456 2159 645 2225 exercendis
662 2171 693 2226 et
707 2159 843 2226 bsnstus
857 2161 986 2250 juribus
1003 2185 1045 2228 ex
1068 2211 1076 2226 .
1101 2211 1108 2228 .
1133 2212 1140 2230 .
1165 2209 1172 2226 .
1195 2185 1268 2228 mus

40 2293 92 2358 per
113 2277 242 2335 nostros
264 2265 392 2354 judices
415 2264 590 2330 observari.
635 2263 700 2330 Nos
722 2266 840 2352 itsque,
872 2276 980 2353 utpote
1014 2269 1069 2354 qui
1103 2267 1143 2334 de
1173 2266 1267 2334 bonis

40 2375 127 2461 regni
136 2382 170 2440 et
180 2369 370 2440 utilitatibus
385 2368 591 2456 gratulamur,
602 2369 743 2456 ipsorum
748 2370 902 2456 justam..
915 2418 938 2436 ..
952 2393 999 2454 eo,
1015 2370 1100 2458 quod
1112 2373 1269 2460 premisse

36 2481 106 2566 jurs
128 2478 215 2543 veris
238 2485 269 2541 et
291 2473 441 2561 legitimis
463 2471 647 2539 rseionibus
680 2471 907 2556 fundebantur,
939 2473 1127 2542 admisimus
1158 2475 1266 2542 debito

41 2605 109 2648 eum
132 2581 259 2647 effectu.

124 2687 154 2750 1.
167 2685 311 2751 Primum
323 2681 492 2769 siquidem,
506 2681 606 2769 (quod
620 2683 668 2770 in)
680 2681 869 2770 pristsldum
887 2705 980 2750 suum
992 2683 1265 2772 conssuguineum

41 2790 90 2856 vel
112 2797 294 2876 cognatum,
317 2799 372 2853 aut
394 2788 599 2868 servientem,
629 2786 682 2852 vel
705 2809 798 2852 suum
821 2787 1035 2876 parochialem
1069 2787 1267 2856 sacerdotem

41 2917 95 2980 pro
116 2892 298 2960 testimonio
321 2892 465 2979 recipere
487 2889 593 2956 nullus
615 2891 725 2978 possit.

122 2999 152 3065 2.
175 2996 228 3063 Ad
251 2997 319 3077 hcc,
343 2997 371 3060 si
392 2996 506 3061 eitscio
520 2995 577 3061 fist
587 2996 621 3060 in
636 2996 836 3083 presenciam
849 3005 1001 3080 nostram,
1024 2998 1186 3084 quindena
1204 2997 1266 3066 diei

42 3103 207 3184 citationis,
229 3102 258 3167 si
278 3122 356 3165 vero
378 3101 411 3164 in
433 3101 634 3188 presenciam
656 3107 837 3166 nostrorum
853 3099 1012 3188 judicum,
1035 3101 1149 3168 citsoio
1172 3101 1269 3168 debet

42 3229 97 3292 pro
119 3206 254 3272 termino
267 3251 433 3272 ......
456 3205 561 3290 gnsri,
585 3203 617 3268 et
630 3213 720 3270 ector
741 3204 775 3270 in
797 3205 899 3291 primo
924 3205 1089 3272 citsoionis
1112 3205 1216 3272 edicto
1234 3207 1268 3272 in

44 3311 155 3376 litteris
172 3307 296 3398 judicio
318 3330 409 3374 susm
431 3308 593 3397 exprimet
614 3311 788 3392 senionem,
811 3331 852 3374 ue
875 3309 963 3376 locus
986 3309 1152 3377 fraudibus
1168 3333 1265 3380 reser·

44 3423 146 3499 vetur3
170 3422 203 3480 et
223 3417 250 3479 si
273 3421 449 3480 conventus
481 3414 515 3479 in
537 3414 640 3500 primo
662 3435 726 3479 non
757 3415 969 3502 comparuerit
991 3415 1127 3481 termino
1139 3463 1148 3500 ,
1183 3437 1267 3504 qua-

45 3517 188 3606 draginta
208 3517 409 3584 denariorum
425 3517 550 3605 judicio
565 3515 754 3606 subjacebit,
777 3539 835 3606 pro
855 3526 1033 3584 ceterorum
1050 3541 1128 3586 vero
1150 3517 1266 3586 obmis-

45 3623 183 3689 sionibus
204 3624 411 3689 terminorum
434 3630 588 3687 consuetu
604 3621 730 3708 judicis
750 3623 842 3708 regni
864 3621 1038 3688 solventur.

124 3727 154 3792 3.
178 3725 259 3792 Item
274 3727 390 3792 citatus
408 3727 440 3791 in
456 3747 554 3792 causa
563 3727 787 3814 possessionis,
805 3725 890 3808 forti,
913 3726 1080 3808 violencie,
1104 3725 1267 3794 homicidii

46 3839 96 3895 sut
116 3827 322 3915 infidelitatis,
346 3831 374 3896 si
396 3829 613 3917 personaliter
633 3829 686 3896 vel
697 3853 755 3920 per
768 3829 929 3896 bominem
941 3853 1031 3898 suum
1046 3830 1268 3920 comparuerit,

46 3935 203 4022 responsio
224 3935 447 4024 peremptoris,
468 3936 538 4000 aine
560 3933 673 4000 iudicii
695 3935 893 4021 gravamine,
918 3935 1075 4024 usquead
1098 3937 1267 4024 septimum

47 4039 210 4105 terminum
232 4039 348 4105 debeat
369 4041 547 4126 prorogari,
581 4049 614 4103 et
646 4039 679 4104 in
710 4039 899 4126 recepcione
929 4039 1100 4107 cuiuslibet
1129 4039 1268 4124 termini,

49 4143 224 4228 quindecim
247 4143 370 4210 dierum
386 4143 515 4210 inducie
529 4143 750 4228 observentur,
773 4142 825 4208 vel
847 4165 905 4232 pro
920 4155 1041 4231 septem
1065 4143 1268 4230 edictis,que

49 4244 181 4332 legitime
202 4249 300 4336 recipi
322 4257 464 4335 possent,
487 4271 569 4316 unus
584 4250 738 4314 terminus
760 4249 993 4336 peremptorius
1015 4251 1205 4336 assignetur.
1226 4247 1270 4314 Et

48 4351 161 4437 siquis
182 4354 216 4418 in
237 4353 404 4440 premissis
427 4351 555 4418 essibus
578 4353 611 4417 in
634 4353 769 4440 septimo
797 4353 934 4418 termino
956 4375 1020 4418 non
1042 4355 1267 4440 comparuerit,

45 4455 142 4539 judex
162 4457 195 4521 in
217 4465 329 4523 octavo
351 4457 487 4522 termino
510 4455 639 4544 publice
661 4457 758 4522 lsciet
779 4455 981 4544 proclsmsri,
1011 4457 1098 4544 quod
1113 4479 1187 4524 reus
1205 4458 1267 4546 juri

50 4581 152 4644 perere
173 4560 301 4648 debeat3
322 4584 423 4649 quere
445 4563 478 4628 in
500 4562 662 4649 prioribus
685 4561 829 4628 terminis
842 4584 905 4628 non
921 4563 1144 4650 comparuerit,
1160 4571 1266 4630 osteu-

147 4667 215 4719 srev.
233 4668 349 4732 zuony.
1013 4657 1063 4732 tv
