3070 5118
233 405 308 477 486
567 415 677 468 XXVII.
696 416 867 483 Privilegium
884 415 1113 469 Thentonioorum.

232 609 366 693 furtiv03
399 615 512 696 postea
540 607 758 674 Theutonicus
786 605 920 694 jurabit,
950 615 1038 672 stans
1067 606 1102 672 in
1129 605 1249 673 circulo
1277 605 1358 672 facto
1385 629 1462 672 eum

233 711 342 800 gladio
371 714 523 795 interra,
557 733 592 776 se
615 733 679 777 non
708 710 849 778 furatum
879 732 949 776 esse
972 732 1090 796 equum
1111 708 1164 776 vel
1187 733 1256 776 rem
1276 709 1370 794 illam,
1404 711 1464 775 sed

233 818 359 902 emisse,
383 825 415 882 et
444 839 479 883 se
501 838 565 882 non
589 837 807 902 congnoscere
834 813 926 880 illum
948 813 1147 882 venditorem
1168 815 1222 880 vel
1245 813 1369 880 domum
1392 815 1465 901 (do-

235 921 371 1009 minum)
394 921 474 1009 ejus.

317 1041 369 1108 23.
399 1041 565 1129 Nusquam
590 1042 702 1130 jurare
732 1040 852 1107 debent
873 1040 1076 1126 Tbeutonici,
1109 1042 1172 1110 nisi
1200 1049 1276 1106 ante
1298 1039 1465 1108 ecclesiam

234 1147 292 1212 Sti.
314 1147 411 1230 Petri,
434 1147 497 1212 nisi
518 1145 672 1234 principis
695 1148 736 1212 sit
757 1144 954 1212 mandatum.

317 1269 368 1336 24
393 1268 428 1336 Si
444 1268 579 1335 taberna
600 1267 727 1335 occulta
748 1269 895 1334 fueritin
910 1268 1212 1336 domo'l'bcutonici
1232 1270 1372 1350 inventa,
1392 1269 1465 1355 ipse
1519 1357 1520 1362 γ

231 1372 380 1439 dominus
402 1372 515 1440 domus
539 1374 684 1462 capiatur
704 1383 874 1460 praesente
890 1372 1004 1461 judice
1027 1371 1300 1442 Tbeutonicorum
1321 1371 1374 1438 vel
1394 1373 1466 1460 ejus
1519 1369 1520 1384 ³

234 1477 364 1560 nuncio,
388 1487 420 1543 et
441 1475 547 1546 nullus
569 1477 661 1544 alter.

316 1703 357 1770 In
378 1705 500 1770 nomini
521 1701 655 1771 Domini
677 1702 751 1769 Dei.
775 1701 889 1770 Amen.

317 1825 538 1910 wenceslaus,
567 1825 630 1891 Dei
659 1827 764 1913 gratia
787 1825 979 1891 Boemorum
1001 1847 1062 1890 rex
1083 1823 1178 1900 IVus,
1209 1823 1359 1892 omnibus
1387 1826 1465 1890 fide·
1520 1843 1521 1900 l

158 1999 161 2006 Δ
230 1929 316 1997 libus
344 1931 437 2016 regni
460 1931 519 2014 sui,
554 1931 671 2018 quibus
701 1931 761 1996 hae
784 1929 910 1996 litterae
940 1944 1087 1996 ostensas
1117 1931 1246 2014 tuerint,
1276 1932 1411 2018 gratiam
1434 1941 1467 1994 et

231 2035 478 2101 omnebonum.

315 2157 475 2225 Noverint
496 2157 639 2224 universi
662 2165 726 2224 tam
749 2165 936 2244 praesentes
959 2180 1056 2245 quam
1079 2157 1187 2242 futirri,
1217 2157 1305 2245 quod
1327 2157 1464 2225 Thectu·

231 2259 295 2327 nioi
316 2261 507 2348 Pragenses,
542 2263 631 2328 cives
660 2262 772 2342 nostri,
801 2261 844 2327 ad
865 2264 1080 2349 praesentiam
1100 2270 1243 2328 nostram
1265 2261 1466 2339 accedentes,
1521 2323 1522 2352 Ξ

230 2364 513 2452 praedecessorum
543 2375 734 2446 nostrorum,
765 2365 830 2431 vid.
854 2364 996 2432 Sobizlai
1027 2365 1160 2432 illustria
1190 2365 1281 2433 ducis
1306 2367 1466 2448 Boemiae,

231 2479 264 2534 et
284 2471 385 2559 patris
416 2469 525 2556 nostri·
539 2469 730 2536 recolendae
752 2471 935 2553 memoriae,
959 2468 1103 2558 ejusdem
1133 2472 1225 2556 regni
1246 2471 1359 2559 inclyti
1382 2473 1468 2557 regis

230 2573 385 2658 Primizil,
415 2573 587 2662 privilegia
615 2575 880 2657 demonstrantes,
910 2597 932 2640 a
953 2574 1046 2640 nobis
1070 2572 1233 2641 humiliter
1254 2573 1467 2663 postularunt,

231 2687 266 2742 ut
288 2700 336 2762 ea,
369 2701 452 2766 quae
480 2679 514 2744 iu
535 2677 714 2768 privilegiis
743 2679 821 2765 ipsis
852 2679 979 2744 fuerant
1007 2676 1133 2744 indulta
1158 2687 1191 2744 ct
1212 2701 1377 2763 concessa,
1408 2679 1469 2745 sub
1522 2699 1523 2752 i

230 2781 387 2870 regimine
416 2781 518 2848 nostri
547 2783 700 2870 temporis
730 2781 937 2868 dignaremur
966 2804 1123 2848 renovare
1154 2791 1186 2847 et
1215 2781 1360 2848 similiter
1394 2807 1468 2850 con·
1522 2785 1523 2788 ’

231 2887 369 2952 firmare.

316 3006 384 3074 Nos
408 3029 485 3075 vero
507 3017 627 3075 statuta
649 3017 886 3075 antecessorum
908 3015 1090 3074 nostrorum
1112 3005 1336 3094 dignoscentes
1351 3031 1397 3074 ex
1418 3011 1470 3097 pia

230 3110 467 3178 deliberatione
482 3121 514 3178 et
529 3113 634 3196 gratia
649 3113 855 3201 processisse,
878 3111 1027 3201 precibus
1043 3133 1154 3178 eorum
1176 3111 1349 3178 humilibus
1367 3135 1469 3180 exau·

230 3215 315 3296 ditis,
337 3215 417 3282 nibil
433 3215 473 3282 de
488 3217 538 3282 bis
562 3219 767 3284 immutantes
790 3239 851 3281 nec
873 3215 1050 3302 dementes,
1073 3218 1303 3304 quaeaprima
1323 3219 1469 3304 ipsorum

229 3321 398 3386 vocatione
420 3321 453 3385 in
476 3320 642 3387 Boemiam
665 3320 810 3387 obtinere
832 3343 889 3408 per
912 3322 1074 3408 principes
1096 3335 1291 3405 meruerunt,
1314 3321 1354 3388 do
1373 3319 1472 3388 litera
1516 3364 1520 3376 ·

229 3421 270 3488 ad
293 3423 430 3508 literam,
454 3425 494 3492 de
517 3423 617 3491 verbo
640 3423 683 3492 ad
705 3424 842 3491 verbum
865 3425 1019 3491 faciemus
1041 3425 1202 3493 renovari.

433 3583 567 3651 (Sequitur
584 3587 720 3636 contextus
737 3583 903 3651 privilegiis
921 3583 1046 3636 Sobdslao
1064 3583 1099 3635 11.
1118 3583 1192 3652 dati.)

314 3683 367 3752 Ad
388 3685 470 3752 haec
491 3709 550 3752 nos
573 3685 793 3772 Wencesluus,
824 3685 1006 3773 praedictus
1036 3709 1095 3754 rex
1119 3685 1320 3772 Boemorum,
1354 3709 1470 3754 conce-

229 3789 334 3856 dimus
347 3799 379 3856 et
390 3789 653 3877 irrefragabiliter
675 3791 876 3857 decernimus
900 3789 1146 3874 observandum,
1171 3801 1205 3857 ut
1219 3791 1355 3858 eandem
1371 3791 1470 3858 liber-

228 3903 328 3960 tatem
351 3896 469 3960 nostris
492 3896 692 3983 temporibus
715 3895 888 3978 obtineant,
913 3917 1008 3983 quam
1031 3894 1187 3961 hactenus
1210 3893 1402 3961 babuerunt.

315 4015 366 4082 25.
389 4017 606 4084 Possessionis
630 4029 754 4107 emptos
775 4017 828 4083 vel
852 4019 1014 4105 expositas
1037 4040 1096 4084 seu
1118 4019 1215 4083 etiam
1236 4017 1471 4106 aprincipibus

229 4121 276 4185 eis
299 4119 441 4206 collatas,
464 4143 545 4209 quas
567 4121 669 4188 tribus
691 4121 786 4188 anuis
808 4129 840 4187 et
858 4120 961 4187 tribus
985 4119 1099 4188 diebus
1122 4120 1245 4208 absque
1267 4121 1473 4208 querimonia

229 4235 408 4310 tenuerunt,
443 4249 497 4292 eas
530 4223 631 4293 libere
661 4227 747 4299 omni
783 4224 1034 4292 contradictione
1066 4227 1246 4313 postposita
1279 4225 1470 4313 possideant

231 4351 304 4395 cum
328 4331 444 4416 quiete.

314 4451 366 4516 26.
388 4451 512 4518 Domoa
535 4475 644 4519 eorum
670 4461 701 4518 et
723 4461 833 4536 strata,
857 4475 916 4519 seu
937 4453 971 4518 in
992 4451 1146 4519 suburbio
1170 4453 1239 4518 sive
1262 4453 1295 4518 in
1318 4453 1417 4536 villis,
1442 4455 1467 4520 si

230 4553 294 4644 (in)
313 4555 453 4645 aliquam
473 4555 603 4646 culpam
614 4555 796 4641 inciderint,
822 4555 928 4623 nullus
941 4578 1023 4624 ausu
1046 4557 1217 4624 temerario
1241 4556 1396 4624 invadere
1417 4559 1468 4624 vel
