3082 5128
237 420 310 492 558
612 429 735 483 xxx1n.
755 430 858 481 sarua
875 429 1046 482 wasemes
1063 431 1085 484 1.

598 621 647 686 De
664 621 777 705 peteris
800 620 979 684 carentibus
1001 629 1112 684 ectete.

321 752 371 817 72.
402 749 556 816 Similiter
578 748 752 815 infantibus
774 748 816 814 ad
839 747 1010 815 duodecim
1031 770 1132 813 annos
1156 747 1311 831 educatis,
1341 750 1380 812 si
1407 757 1491 814 tem·

234 880 311 944 pore
333 855 485 920 infantiae
515 877 573 941 per
594 854 828 940 quemvispiam
859 854 978 940 injuria
998 853 1094 918 licerit
1116 851 1215 935 illata,
1250 861 1306 917 aut
1322 853 1491 939 'ipsorum

233 963 316 1048 patri
345 969 423 1024 tenc
451 967 586 1040 mortuo,
621 966 756 1045 possunt
785 955 906 1024 illatam
935 955 1122 1023 violentiam
1151 959 1283 1043 agitare,
1319 979 1389 1043 pro
1424 979 1491 1042 qna

232 1087 329 1152 agere
351 1087 415 1128 non
438 1061 590 1130 valebant
618 1071 750 1150 propter
771 1061 931 1128 defectum
961 1063 1084 1136 aetatis,
1119 1071 1230 1127 contra
1258 1063 1347 1148 ipses
1377 1061 1488 1147 impe-

233 1168 356 1234 dientes
379 1191 436 1232 seu
457 1169 656 1256 injuriantes.
700 1167 859 1254 Exceptio
891 1165 1173 1255 [praescriptionis]
1197 1168 1243 1232 eis
1267 1168 1397 1253 opponi
1420 1190 1487 1231 non

233 1275 357 1360 poterit,
387 1273 450 1337 nisi
473 1294 581 1360 quum,
615 1270 760 1356 legitima
781 1279 885 1336 aetate
908 1274 941 1336 in
965 1271 1011 1336 eis
1035 1269 1203 1357 completa,
1233 1270 1318 1336 infra
1339 1279 1486 1358 tempus

232 1375 373 1442 debitum
396 1399 491 1461 agere
504 1375 704 1462 negligerent
726 1397 784 1462 pro
806 1376 934 1462 injuriis
957 1376 1003 1440 eis
1027 1374 1138 1458 illatis3
1162 1385 1239 1439 tune
1261 1373 1417 1440 obstabit
1434 1377 1484 1439 eis

232 1481 490 1568 praescriptionis
513 1483 672 1567 exceptio,
695 1486 826 1567 propter
847 1478 1074 1566 negligentiam
1098 1478 1278 1566 allegatam.

329 1650 378 1713 De
400 1647 457 1712 illo
480 1648 533 1711 cei
553 1669 701 1732 rumperem
722 1646 862 1730 qaeestio
878 1645 970 1732 furti
990 1645 1172 1731 injudicio
1192 1654 1276 1709 mete
1290 1645 1382 1732 fuit.

317 1778 367 1843 73.
397 1775 443 1842 Ut
465 1777 526 1841 riri
549 1775 662 1841 famosi
686 1784 719 1841 et
734 1776 823 1862 juste
842 1775 989 1861 jurantes
1012 1775 1120 1862 aliqua
1143 1775 1273 1861 speciali
1295 1797 1482 1862 praeroga-

230 1885 297 1947 tiva
318 1881 403 1968 apud
425 1902 494 1963 nos,
517 1882 601 1945 inter
623 1890 745 1946 ceteros
769 1889 895 1946 nosnos
909 1878 1031 1963 fideles,
1056 1878 1269 1964 consolentur,
1296 1881 1482 1945 statuimus

230 1986 271 2051 de
293 1994 472 2051 nostrorum
495 1983 653 2050 baronum
676 1983 857 2049 voluntate:
887 1983 932 2049 Ut
954 1985 980 2048 si
1003 1985 1075 2071 quis
1097 1983 1200 2066 miles,
1234 1992 1289 2049 aut
1309 1983 1400 2049 alius
1427 1987 1483 2049 vir

230 2089 356 2171 nobilis,
389 2091 440 2154 cui
462 2089 569 2175 aliqua
592 2089 737 2175 quaestio
761 2087 836 2152 furti
858 2097 914 2152 aut
946 2087 1104 2153 latrocinii
1137 2097 1307 2154 accusetur
1342 2097 1378 2153 et
1418 2111 1479 2152 nn-

230 2215 325 2280 quam
347 2195 381 2258 in
399 2193 522 2280 judicio
545 2201 632 2258 mota
647 2192 718 2272 fnit,
741 2192 781 2257 de
797 2193 930 2257 crimine
946 2191 1023 2258 farti
1039 2201 1094 2257 aut
1106 2191 1265 2258 latrocinii
1284 2203 1481 2273 accusetur,

230 2297 277 2362 fas
300 2293 362 2361 sibi
384 2299 434 2380 sit,
456 2306 586 2385 propter
607 2296 724 2362 bonam
739 2298 1031 2383 praesumptionem
1060 2295 1203 2361 habitam
1222 2296 1262 2362 dc
1283 2297 1355 2384 ipso
1383 2299 1480 2385 apud

229 2402 361 2484 vicinos,
394 2403 516 2488 proprii
540 2401 715 2487 juramenti
743 2401 958 2487 praestatione
988 2423 1008 2464 a
1037 2400 1094 2466 tali
1116 2399 1321 2466 accusatione
1352 2424 1392 2466 se
1419 2424 1478 2467 cx-

228 2526 379 2591 purgare.

427 2669 491 2744 Qut
512 2672 671 2757 recipient
691 2693 739 2735 reo
762 2671 900 2758 aliocujus
922 2674 989 2736 eine
1011 2695 1071 2736 cue
1092 2672 1260 2737 uoluntate.

315 2800 363 2866 74.
394 2800 552 2886 Aegidius
574 2801 722 2888 deposuit
743 2823 815 2866 cum
838 2801 979 2888 querela,
1009 2801 1095 2890 quod
1119 2825 1191 2868 cum
1215 2805 1249 2868 in
1271 2805 1325 2868 via
1347 2804 1476 2872 obdor-

228 2905 384 2988 mivisset,
413 2902 512 2969 Falco
536 2906 766 2992 superveniens
796 2904 902 2970 taliter
924 2905 1094 2972 dormienti
1116 2909 1237 2993 recepit
1265 2906 1417 2992 gladium
1445 2923 1478 2976 et

229 3031 347 3094 peram,
366 3009 400 3072 in
424 3031 487 3094 qua
510 3009 637 3073 suerunt
659 3019 724 3073 tres
747 3010 840 3073 scotti
861 3030 1063 3093 grossorum,
1096 3020 1128 3075 ct
1149 3012 1295 3098 quamvis
1318 3011 1474 3096 gladium

228 3120 261 3176 et
280 3133 390 3197 peram
420 3111 482 3176 sibi
511 3113 713 3195 restituisset,
737 3123 843 3177 tamen
874 3123 937 3178 tres
961 3125 1078 3178 scottos
1108 3136 1174 3179 nen
1195 3116 1345 3190 restituit.
1377 3117 1474 3204 ipsos

228 3235 284 3301 pro
308 3237 342 3278 se
365 3216 566 3302 usurpande;
600 3215 698 3280 Falco
722 3238 798 3280 vero
821 3237 905 3296 reus,
941 3218 1115 3302 [quamvis]
1139 3217 1179 3283 de
1200 3241 1278 3304 pera
1300 3229 1333 3284 ct
1355 3219 1473 3304 gladio

227 3319 406 3398 confitetur,
429 3341 464 3384 sc
488 3318 600 3384 eadem
626 3321 816 3401 restituisse,
846 3332 953 3386 umen
976 3321 1016 3386 de
1031 3321 1204 3408 praedictis
1226 3323 1330 3389 tribus
1351 3329 1472 3391 scottis

227 3421 430 3489 diffitebatur.
475 3421 570 3487 Unde
593 3445 650 3488 nos
673 3425 883 3506 attendentes,
907 3424 993 3510 quod
1015 3423 1122 3490 nullus
1145 3426 1242 3492 debet
1263 3451 1314 3493 res
1337 3428 1469 3495 alienes

228 3535 399 3591 attrectare
429 3526 558 3593 domino
588 3527 698 3609 invite,
732 3551 794 3593 nec
816 3538 961 3612 rogatas:
997 3529 1203 3596 Praedictum
1226 3532 1401 3618 Aegidium
1434 3539 1470 3601 in
1537 3611 1538 3616 ἵ

227 3628 325 3694 simili
347 3651 425 3695 casu
447 3631 648 3696 decrevimus
671 3632 739 3697 fore
761 3631 993 3698 admittendum
1015 3631 1305 3721 adjuramentum.

698 3771 747 3834 De
769 3793 875 3836 moran
898 3774 996 3838 cenis.

312 3899 362 3964 75.
395 3897 477 3964 Item
501 3899 656 3985 Aegidius
689 3911 883 3988 conquestus
906 3913 963 3987 cst,
998 3903 1084 3992 qued
1112 3907 1200 3971 canis
1223 3903 1384 3990 Falconis,
1423 3933 1468 3974 ex
1536 3993 1537 3996 Ἴ

226 4001 415 4068 incitatione
438 4027 494 4068 scu
516 4001 709 4090 impulsione
721 4005 821 4090 ipsius
833 4005 994 4093 Falconis,
1017 4005 1125 4074 taliter
1137 4032 1209 4074 eum
1232 4009 1325 4076 laesit
1346 4021 1378 4076 et
1399 4036 1466 4078 mo·
1536 3999 1537 4072 l

226 4105 355 4190 merdit,
379 4107 464 4193 quod
477 4131 520 4172 cx
541 4107 596 4174 illo
609 4129 718 4173 morsu
736 4109 924 4177 ostendebat
947 4122 977 4177 et
999 4114 1164 4180 asserebat
1187 4136 1222 4179 se
1245 4112 1465 4200 claudicasse;

226 4211 323 4276 Falco
345 4219 451 4276 autem
482 4213 617 4278 candem
649 4212 873 4300 impulsionem
905 4240 961 4282 scu
984 4217 1200 4284 incitationem
1235 4221 1323 4284 canis
1346 4219 1463 4286 diffite-

225 4314 328 4380 batur.
373 4315 416 4380 Et
439 4317 514 4402 quia
543 4328 634 4383 actor
659 4317 720 4384 hoc
742 4341 806 4385 non
836 4329 961 4407 poterat
989 4323 1137 4409 probare,
1167 4346 1226 4388 nos
1248 4325 1281 4390 in
1305 4323 1360 4389 tali
1382 4349 1462 4392 casu
1535 4397 1536 4406 χ

225 4417 441 4485 declaramus:
465 4419 560 4502 Quod
582 4419 682 4488 Falce
704 4447 762 4510 per
778 4425 996 4512 juramentum
1020 4429 1185 4515 proprium
1209 4425 1324 4494 debeat
1346 4451 1381 4493 se
1406 4454 1461 4494 ex·

225 4545 374 4606 purgare.
