3064 5118
508 479 579 532 XXI.
599 480 690 531 Zakou
708 480 850 531 slavonski.
1220 467 1292 538 381

28 671 187 753 actoris,
205 669 389 734 adiudicato
412 668 452 734 ad
473 668 614 734 duellum
630 670 699 734 sive
712 679 958 751 sacramentum,
978 670 1006 734 si
1017 680 1124 756 partes
1140 670 1292 756 composi-

30 775 183 838 cionem
215 773 358 856 fecerint,
390 773 489 840 iudex
524 771 608 838 ultre
640 773 775 838 formam
803 773 1049 860 composicionis
1082 772 1189 838 habite
1220 771 1293 859 plns

31 891 166 962 petere
192 899 256 942 non
280 877 410 943 valebit.

143 965 198 1030 13.
222 964 304 1030 Item
325 964 466 1032 inomni
501 987 608 1046 causa,
639 966 709 1030 sive
742 974 831 1030 actor
862 986 918 1030 reo
951 963 1083 1044 delerat,
1117 965 1185 1030 sive
1219 987 1293 1030 reus

30 1070 155 1134 actori
181 1069 302 1134 referat
324 1079 570 1152 sacramentum,
594 1068 693 1134 iudex
716 1070 799 1134 inter
820 1071 907 1155 ipsos
941 1067 1083 1134 duellum
1100 1090 1164 1134 nou
1194 1069 1293 1154 possit

33 1173 215 1256 iudicare,
239 1173 297 1240 sed
319 1196 376 1260 per
399 1183 632 1240 sacramentum
656 1196 753 1240 causa
774 1173 891 1240 debeat
906 1174 1078 1256 terminari,
1102 1174 1163 1237 nisi
1186 1181 1293 1261 partes

35 1300 198 1343 examen
221 1277 320 1344 duelli
341 1281 571 1364 assumpserint
592 1288 770 1364 spontanea
791 1277 964 1344 voluntate.

148 1383 201 1446 14.
224 1381 358 1448 Exstitit
373 1385 474 1448 eciam
488 1382 679 1464 ordinatum,
703 1381 790 1469 quod
802 1403 899 1448 cauea
911 1380 1074 1446 homicidii
1097 1383 1149 1447 vel
1169 1383 1245 1450 furti
1264 1386 1293 1449 61

36 1489 126 1576 quis
150 1499 213 1574 per
236 1497 472 1554 sacramentum
494 1487 713 1574 adjudicatum
736 1510 771 1552 se
794 1484 954 1573 purgabit,
967 1485 1071 1555 solvet
1088 1489 1291 1572 purgacionis

36 1592 208 1658 denarIos
232 1591 452 1678 quadraginta,
475 1603 507 1656 et
528 1593 631 1658 eciam
662 1594 695 1656 in
726 1593 831 1657 causis
865 1592 1030 1658 vinearum
1066 1613 1104 1656 ac
1137 1591 1289 1659 molendi-

35 1719 182 1778 norum,
207 1699 234 1760 ei
256 1695 474 1782 adjudicatum
498 1694 595 1762 fuerit
618 1705 863 1778 sacramentum,
898 1694 984 1761 idem
1013 1694 1109 1761 debet
1136 1695 1289 1762 iudicium

37 1800 234 1868 observari.

141 1905 199 1969 15,
220 1905 301 1968 Item
323 1905 356 1970 in
379 1926 477 1969 causa
497 1907 683 1990 pecuniaria
704 1923 779 1970 reus
802 1907 967 1970 convictus
990 1903 1172 1970 nullatenus
1195 1903 1291 1971 debet

38 2010 223 2098 captivari,
246 2009 307 2074 uisi
330 2010 467 2095 pecunia
501 2006 553 2074 vel
576 2010 780 2095 possessione
803 2030 912 2074 carere
935 2009 1085 2074 inventus
1107 2008 1203 2074 fuerit
1224 2031 1289 2075 66-

38 2113 183 2182 6116616.

141 2219 194 2282 16.
217 2217 256 2282 16
278 2219 409 2283 accione
433 2218 534 2283 eciam
557 2218 633 2284 furti
655 2220 724 2282 sive
747 2217 905 2284 violencie
937 2219 990 2284 vel
1018 2217 1188 2286 cuiuslibet
1222 2241 1284 2294 tua·

38 2323 160 2401 leficii,
186 2321 281 2388 homo
303 2322 560 2408 possessionatus
594 2323 664 2388 sine
698 2325 852 2388 caucione
886 2321 1085 2388 fideiussoris
1107 2323 1286 2390 iudicetur.

140 2427 194 2492 17.
217 2425 309 2508 Item,
333 2425 414 2492 alter
436 2449 495 2512 pro
518 2426 648 2492 alterius
672 2425 799 2507 delicto,
817 2428 903 2493 sicut
924 2425 1160 2513 peterprolilio
1183 2449 1288 2492 emen·

40 2535 172 2618 cipeto,
196 2531 248 2595 vel
272 2553 290 2596 e
314 2551 479 2611 converso,
503 2541 557 2596 aut
579 2529 677 2595 frater
699 2553 758 2617 pro
780 2530 889 2608 fratre,
912 2529 1079 2596 divisionis
1110 2530 1201 2596 titulo
1233 2553 1289 2596 se-

40 2645 178 2723 parato,
201 2658 265 2701 non
289 2633 405 2700 debeat
439 2635 677 2721 condempnari,
713 2636 774 2700 nisi
807 2635 925 2700 fuerint
958 2636 1077 2701 conscii
1113 2635 1165 2702 vsl
1192 2637 1287 2722 perti·

40 2741 142 2826 cipes
167 2741 310 2804 criminis
332 2740 515 2827 perpetrati,
540 2739 596 2804 sed
620 2743 755 2825 quisque
778 2740 810 2804 in
834 2738 926 2806 bouis
949 2739 1088 2826 propriis
1110 2749 1144 2806 et
1165 2740 1287 2828 porcio·

41 2844 110 2910 bus
136 2845 230 2910 iuxta
252 2866 343 2909 suum
367 2844 515 2908 meritum
537 2853 739 2928 aggravetur.

141 2947 192 3014 18.
215 2947 298 3012 Item
321 2947 428 3034 porcio
442 2947 635 3012 hereditaria
654 2949 722 3012 sine
736 2947 852 3012 herede
865 2947 1059 3030 decedentis,
1082 2949 1287 3034 generacioni

41 3075 106 3118 sue
133 3049 251 3118 debeat
275 3073 452 3117 remanere

140 3157 191 3224 19.
215 3155 285 3220 Nec
307 3156 529 3242 permittimus,
554 3156 682 3243 quod'
656 3179 684 3220 sr
696 3165 782 3221 terra
795 3101 930 3222 alicuius
948 3153 1176 3238 reambulatur,
1189 3155 1287 3222 iudex

40 3259 86 3326 ad
125 3260 248 3328 1166166
278 3259 331 3324 vel
365 3260 517 3325 utilitates
548 3261 616 3326 6166
649 3282 712 3324 666
746 3258 877 3326 debebit
906 3261 1031 3326 mittere
1060 3283 1173 3326 66666
1202 3283 1285 3344 suas,

41 3364 156 3430 donec
179 3386 277 3428 eausa
298 3366 380 3428 inter
401 3377 508 3451 partes
532 3364 628 3428 fuerit
650 3364 713 3430 fine
738 3361 847 3428 debito
870 3365 1048 3430 terminata.
1216 3432 1220 3440 ,

138 3468 191 3534 20.
215 3465 296 3533 Item
319 3491 392 3532 oum
424 3466 549 3534 hostilis
580 3469 728 3538 incursus
760 3467 811 3532 vel
843 3469 1003 3533 exercitus
1035 3469 1160 3533 venerit
1191 3490 1286 3554 super

41 3593 197 3657 regnum,
221 3583 277 3636 aut
298 3569 446 3636 dominus
462 3595 520 3636 rex
543 3573 736 3659 processerit
758 3575 791 3636 in
808 3571 1051 3658 expedicionem
1063 3569 1286 3659 personaliter,¹

41 3686 125 3742 tunc
149 3674 274 3742 nobiles
298 3678 387 3760 regni
412 3675 451 3741 de
475 3677 657 3758 sclavonia,
681 3674 799 3761 singuli
822 3687 854 3740 et
877 3676 1029 3758 universi,
1061 3677 1107 3740 ire
1130 3677 1163 3740 in
1194 3697 1285 3740 exer·

43 3783 151 3847 citum
174 3779 376 3862 tenebuntur,
399 3781 444 3846 ita
466 3789 583 3862 tamen,
607 3780 694 3866 quod
716 3779 813 3845 iidem
847 3803 920 3845 cum
948 3779 1133 3862 baronibus,
1168 3777 1285 3865 quibus

41 3883 222 3965 voluerint,
248 3882 466 3949 exercituandi
490 3881 656 3949 habebunt
678 3883 810 3950 liberem
833 3883 1027 3950 facultatem.

136 3988 191 4054 21.
214 3987 295 4052 Item
318 4010 414 4075 super
436 3987 598 4054 debitores
621 3987 838 4055 aulusinarum
861 3987 913 4054 vel
942 3989 1206 4076 procuracionem
1229 3999 1285 4054 aut

44 4095 274 4169 descensuum,
298 4092 443 4159 exhibita
466 4094 698 4178 satisfaccione,
733 4093 832 4158 banus
861 4093 1050 4159 descensum
1085 4093 1191 4160 facere
1220 4117 1283 4160 666

45 4199 156 4272 (161161,
179 4199 242 4262 6161
264 4198 347 4264 iuste
369 4219 467 4262 causa
488 4199 580 4284 regui
603 4207 635 4264 61
661 4198 803 4284 legitima
825 4199 1021 4280 imminente,
1045 4207 1077 4264 et
1099 4197 1223 4264 nobiles
1245 4223 1283 4265 ac

45 4302 240 4388 iobagiones
263 4311 440 4368 castrorum
477 4302 516 4368 de
539 4301 748 4369 descensibus
771 4302 846 4368 bani
870 4301 988 4368 debent
1018 4321 1120 4389 usque
1154 4313 1283 4416 octavas

48 4406 155 4472 sancti
176 4405 307 4471 Muttini
329 4407 432 4472 modis
455 4407 604 4474 omnibus
627 4407 784 4495 expediri.

135 4510 187 4574 22.
210 4508 339 4574 Ι166“
315 4533 341 4574 11
365 4513 437 4597 quis
459 4512 492 4576 in
509 4510 663 4578 solvendo
682 4513 884 4597 marturinae,
901 4511 1068 4578 collectam
1090 4523 1212 4633 septem
1228 4481 1281 4575 (16-

47 4616 224 4698 nariorum,
247 4613 366 4682 iudicia
388 4613 606 4700 exercitualia,
631 4617 683 4682 161
702 4617 799 4683 aliem
815 4617 993 4700 collectam,
1015 4637 1111 4702 quam
1127 4618 1160 4682 16
1182 4637 1282 4702 regno

1001 4707 1142 4780 49*‘
1246 4705 1255 4722 ⁸
