3082 5128
475 471 584 526 XXXV.
605 471 711 526 statuta
728 473 887 528 Wartensia
1225 463 1299 540 593

149 657 275 724 xvffl.
299 659 484 727 Terrestres
500 663 617 728 notarii
640 661 673 727 in
696 663 846 729 omnibus
866 667 960 731 terris
972 667 1065 753 regni
1076 671 1186 752 nostri,
1208 669 1294 736 vide·

48 765 137 829 licet
159 765 193 828 in
216 764 331 851 Majori
354 764 499 848 Polouia,
524 764 661 850 Siradin,
684 768 847 852 Lancieia,
882 767 1027 858 Cujavia
1053 769 1212 840 Dobrinia
1244 783 1303 840 etc·

48 891 115 954 pro
142 869 227 934 notis
250 868 1103 964 seuinseriptionibusjaeqnaliterrecipiantsuajura,
1126 878 1303 946 secundum

49 974 180 1038 notarii
200 971 425 1042 cracoviensis
453 985 486 1041 et
507 974 777 1043 Sandomiriensis
808 987 964 1044 terrarum
989 991 1186 1070 nostrarum3
1216 983 1303 1051 vido-

49 1075 138 1142 licet
159 1099 217 1163 pro
239 1099 304 1143 una
325 1079 543 1166 inscriptione,
566 1103 669 1168 usque
691 1079 734 1146 ad
756 1081 853 1149 finem
876 1105 1002 1170 causae,
1026 1107 1124 1153 unum
1145 1109 1304 1178 grossum,

50 1191 115 1248 aut
141 1183 176 1248 iu
199 1183 357 1272 principio
380 1183 532 1268 medium,
555 1194 588 1250 et
612 1187 645 1250 in
668 1187 732 1252 fine
755 1186 898 1252 medium
920 1209 1076 1274 grossum.

148 1287 242 1356 XlX.
279 1287 418 1355 Judaica
439 1287 584 1377 pertidia,
608 1311 681 1356 curn
703 1311 834 1378 semper
856 1291 1040 1358 christianis
1063 1294 1225 1361 contrarb
1246 1305 1296 1362 est

52 1405 87 1460 et
114 1395 260 1477 inimica,
294 1395 457 1480 quianon
480 1392 583 1460 solum
608 1395 641 1458 in
666 1392 729 1460 fide
752 1405 975 1484 sutlcorpore,
1003 1395 1060 1464 sed
1095 1407 1127 1464 et
1160 1399 1195 1464 in
1225 1421 1300 1466 con-

53 1498 244 1566 culcatione
257 1499 457 1564 bonorumet
472 1496 745 1584 depauperatione
761 1499 1009 1568 christianorum
1024 1501 1180 1586 intendit3
1193 1525 1303 1590 quam·

53 1605 107 1668 vis
136 1605 169 1666 in
191 1602 419 1668 constitutione
438 1601 604 1691 cujusdam
627 1601 769 1690 capituli,
780 1603 867 1690 quod
884 1605 999 1692 incipit
1013 1607 1152 1682 „Porroe
1166 1605 1225 1696 (Π
1235 1606 1304 1694 44),

54 1708 100 1772 sit
122 1708 171 1772 eis
183 1707 390 1793 prohibitum,
414 1705 501 1795 quod
524 1707 602 1772 dare
624 1730 689 1772 nou
706 1707 848 1774 debeant
863 1707 1057 1788 hominibus,
1074 1711 1306 1799 cujuscumque

54 1820 163 1877 statue
176 1821 233 1876 aut
244 1811 437 1877 conditionis
454 1811 604 1895 existant,
614 1814 768 1898 pecunias
785 1835 881 1901 super
897 1812 1006 1880 literas
1023 1823 1055 1881 et
1067 1813 1303 1904 inscriptiones,

54 1915 118 1982 sed
131 1915 235 1981 solum
252 1937 350 2004 super
362 1915 459 1981 vadia
470 1923 503 1980 et
515 1916 660 2003 pignora,
674 1926 780 1982 tamen
793 1916 856 1983 hoo
867 1917 929 2004 ipsi
942 1919 1077 1988 minime
1088 1920 1305 2006 advertentes,

54 2021 217 2108 pecunias
248 2041 346 2106 super
368 2019 478 2086 literas
502 2030 534 2085 et
556 2022 782 2109 inscriptiones
806 2020 884 2089 dare
908 2045 972 2090 non
1003 2023 1182 2092 cessabant.
1225 2025 1305 2091 Ideo

56 2124 209 2190 volentes
221 2125 340 2190 nocuis
352 2121 489 2190 subditis
504 2135 686 2192 nostrarum
698 2137 855 2194 terrarum
866 2129 1007 2214 gratiose
1018 2128 1202 2212 subvenire,
1211 2139 1307 2216 prout

55 2254 101 2296 ex
126 2228 305 2295 christiana
327 2227 483 2314 religione
496 2237 643 2296 tenemur
665 2231 875 2315 etdebemus,
899 2232 940 2296 de
963 2233 1306 2321 oeteroprobibemus:

55 2335 110 2398 Ne
123 2333 245 2400 Judaei
258 2355 357 2420 super
367 2332 477 2400 literas
500 2343 533 2398 et
542 2334 770 2422 inscriptiones
787 2344 935 2402 mutuent
952 2339 1116 2423 pecuniae,
1130 2337 1185 2402 sed
1202 2335 1305 2403 solum

56 2461 162 2525 super
183 2439 340 2526 pignora,
374 2446 411 2504 ut
440 2459 538 2524 supra
560 2437 674 2504 eodem
698 2437 836 2526 capitulo
860 2448 908 2504 est
931 2461 1131 2528 expressum.
1175 2440 1218 2525 st
1232 2441 1306 2528 quie

57 2565 140 2609 vero
157 2541 357 2608 Judaeorum
378 2541 418 2608 de
436 2549 542 2608 cetero
556 2540 637 2608 tales
652 2544 879 2630 inscriptiones
900 2555 956 2610 aut
977 2543 1087 2610 literas
1111 2542 1305 2628 exhibuerit,

55 2659 118 2712 aut
142 2669 242 2734 super
264 2645 395 2712 easdem
417 2644 526 2712 literas
549 2647 702 2734 pecunias
724 2648 860 2732 dederit,
891 2647 973 2714 tales
1002 2649 1229 2737 inscriptiones
1250 2659 1308 2714 aut

57 2751 184 2817 debent
216 2773 287 2816 esse
321 2749 441 2816 nullius
471 2752 597 2817 roboris
629 2773 687 2816 seu
719 2755 889 2836 momenti3
933 2775 994 2818 uec
1029 2754 1189 2841 recipiens
1224 2752 1305 2819 tales

56 2855 218 2943 pecunias
262 2856 305 2921 ad
335 2854 527 2922 solutionem
554 2855 740 2922 earumdem
764 2865 921 2923 teneatur.
966 2857 1031 2924 Sed
1065 2880 1107 2922 ex
1142 2879 1206 2944 quo
1235 2861 1305 2944 jam

57 2961 101 3026 de
127 2959 214 3026 facto
238 2958 337 3047 aliqui
346 2960 465 3027 Judaei
488 2960 609 3027 habent
631 2959 739 3025 literas
752 2968 785 3025 et
805 2961 1031 3048 inscriptiones
1053 2969 1166 3026 contra
1177 2960 1304 3042 multos,

57 3065 216 3130 dominus
238 3087 298 3130 rex
320 3073 455 3151 petatur,
490 3063 578 3152 quod
610 3063 771 3150 palatinus
801 3065 980 3151 praecipiat
1010 3065 1138 3130 eoadem
1162 3065 1305 3131 Judaeos

57 3171 119 3256 qni
141 3165 253 3234 literas
275 3165 432 3252 obtinent,
456 3169 594 3248 avitare,
618 3167 703 3254 quod
720 3165 851 3244 easdem
875 3169 906 3232 in
919 3166 1087 3256 colloquiis
1099 3167 1305 3256 generalibus

56 3272 315 3360 proximioribus
345 3271 399 3338 vel
421 3294 530 3339 eoram
554 3270 705 3361 palatinis
728 3253 908 3360 producant
934 3281 968 3339 et
988 3273 1118 3340 easdem
1141 3272 1183 3339 ad
1205 3271 1305 3338 libros

57 3399 123 3442 seu
157 3376 199 3441 ad
222 3387 296 3442 acta
328 3376 520 3460 iudiciorum
543 3377 709 3464 imponant
732 3385 764 3442 et
786 3379 988 3462 consignant,
1023 3375 1161 3444 subditis
1185 3375 1305 3443 ibidem

57 3479 234 3546 contentis.
257 3479 351 3547 Etsi
373 3480 514 3569 aliquam
537 3481 663 3548 literam
674 3479 1002 3568 posthocosteudere
1025 3479 1196 3558 voluerint,
1218 3479 1307 3567 quod

58 3582 143 3648 nulli
157 3590 275 3670 expost
296 3583 422 3651 roboris
434 3584 486 3651 vel
499 3587 662 3669 momenti,
686 3607 747 3652 nec
769 3585 929 3673 recipiens
940 3583 1125 3672 hujusmodi
1137 3584 1305 3672 pecuniam

57 3713 79 3753 a
103 3688 241 3754 Judaeis
264 3698 382 3776 expost
403 3687 445 3756 ad
468 3689 662 3755 solutionem
684 3688 808 3754 eisdem
831 3697 990 3756 teneatur.

152 3791 230 3859 XX
266 3791 302 3859 Si
326 3793 398 3881 quis
418 3792 536 3860 nobilis
559 3793 612 3859 vel
634 3816 783 3859 asserens
818 3815 853 3859 se
876 3793 918 3858 de
939 3790 1041 3859 nobili
1077 3813 1197 3878 genere
1231 3813 1303 3877 pro·

59 3905 222 3978 creatum,
245 3895 342 3980 dicat,
365 3897 454 3984 qaod
476 3897 594 3984 aliquis
615 3898 677 3963 sibi
688 3897 793 3982 impar
815 3897 960 3963 existens
979 3897 1012 3960 in
1025 3917 1155 3983 genera,
1178 3895 1304 3982 vitupe-

59 4023 140 4066 rosa
162 3999 265 4065 verba
286 3999 349 4067 sibi
378 3997 548 4068 intulisset:
573 4012 649 4067 tuuc
671 3999 725 4066 ille
748 4023 822 4066 reus
851 3999 957 4066 eidem
979 3999 1124 4088 aequalis
1146 4023 1211 4066 nou
1236 4000 1302 4064 exi·
1374 3989 1377 3996 ’

61 4117 165 4188 stans,
189 4111 222 4170 et
233 4125 357 4192 negans
378 4105 684 4193 improperationem
700 4103 828 4188 leobae,
851 4103 982 4194 proprio
1006 4107 1185 4190 juramento
1208 4125 1243 4169 se
1260 4103 1303 4169 ab

64 4209 272 4296 impetitione
294 4209 395 4296 ipsius
419 4208 616 4275 absolvetur.

151 4311 247 4379 XXI.
270 4311 391 4380 Kmoto
412 4336 477 4379 non
488 4313 607 4400 poterit
617 4311 715 4379 alicui
727 4311 839 4398 nobili,
858 4312 910 4378 vel
924 4334 984 4400 pro
996 4309 1097 4377 nobili
1120 4313 1305 4399 segersnti,

60 4415 267 4484 nobilitatem
300 4417 404 4505 ipsius
433 4419 612 4506 increpare,
644 4417 706 4482 nisi
729 4417 822 4500 forte,
844 4417 934 4503 quod
956 4416 1067 4482 kmoto
1090 4416 1230 4482 audierit
1248 4438 1307 4502 per

62 4521 164 4590 alium
207 4519 349 4588 nobilem
384 4523 474 4610 prius
504 4523 610 4609 ipsum
642 4522 846 4607 increpasse,
877 4531 909 4586 et
941 4523 1011 4609 ipse
1044 4519 1086 4586 de
1120 4519 1306 4607 hujusmodi

63 4625 262 4711 improperio
278 4625 410 4691 minime
428 4635 628 4713 expurgatus
646 4634 707 4694 est.
731 4625 919 4692 Hocautem
932 4624 1099 4787 volurnnp5
1106 4621 1241 4709 intelligi
1264 4621 1305 4692 de

169 4731 240 4782 Slov.
255 4731 374 4797 Zailrony.
