3070 5118
397 449 497 504 xxrx.
514 449 686 518 navum
712 450 960 507 aerumnam.
1220 443 1295 516 495

62 639 168 707 abbas
192 639 233 706 de
254 639 427 726 Lutomisl,
449 639 635 708 Bonifacius
657 639 757 710 abbas
780 641 821 709 de
843 641 985 729 Gradiat,
1002 643 1173 714 Florianus
1195 645 1297 715 abbas

64 745 105 810 de
130 745 233 830 Luca,
256 744 434 812 wernerus
466 745 568 813 abbas
598 745 735 814 Sanctae
765 745 889 827 Crucis,
911 748 1076 817 Walterus
1096 753 1297 841 praepositus
1353 731 1358 741 ¹

62 849 336 936 Nnmbnrgenaia,
371 848 471 918 Veclo
513 849 614 918 abbas
653 851 693 918 de
728 851 874 937 Oobrico,
913 852 1076 920 Gerardus
1114 855 1215 922 abbas
1255 855 1296 924 de

62 955 237 1039 Linualde,
260 955 473 1042 Marquardus
504 955 606 1022 εὕδει
638 955 680 1022 de
701 955 826 1038 Zuetls,
850 957 1009 1025 Henricus
1031 958 1122 1027 ducis
1143 961 1296 1029 Austrise

65 1059 226 1144 notarius,
247 1057 459 1146 Marquardus
471 1061 671 1148 praepositus
693 1059 804 1127 Sancti
824 1059 954 1150 Ypoliti,
968 1061 1124 1144 Bauarus,
1140 1065 1299 1155 Budiuoy,

63 1161 202 1247 Boruta,
225 1162 328 1242 Jaros,
351 1164 470 1245 Witco,
492 1163 654 1232 Henricus
675 1165 775 1232 frater
796 1165 1080 1254 ejua,Bchualaus,
1099 1168 1298 1256 Suatoslaus,

63 1267 240 1353 Sulialsus,
262 1267 375 1356 Helas,
398 1269 504 1355 Dinis,
527 1269 663 1338 barones
685 1271 847 1340 Boermse.

593 1375 612 1415 Ι
758 1376 778 1416 O

150 1477 193 1544 In
214 1481 342 1546 nomine
364 1479 502 1548 Sanctae
524 1503 564 1548 ac
584 1425 771 1548 individuae
794 1479 967 1549 Trinitatis.
1012 1483 1126 1552 Arnen.

154 1583 275 1651 Notum
297 1607 368 1651 esse
390 1582 537 1652 volumus
560 1587 719 1652 universis
738 1599 803 1652 tarn
818 1585 1040 1675 praesentibus
1058 1609 1155 1674 quam
1173 1589 1298 1674 futuris,

65 1686 156 1778 quod
178 1711 238 1756 nos
259 1687 430 1757 Ottecarau
453 1691 508 1778 qui
530 1700 562 1757 et
582 1689 728 1776 Premial,
751 1691 815 1758 Dei
837 1692 942 1778 gratia
975 1693 1086 1758 tertius
1107 1690 1301 1759 Boemorum

64 1817 138 1879 rex,
164 1791 205 1860 da
228 1793 361 1862 consilio
388 1817 604 1884 suppanorum
639 1805 820 1863 nostrorum
849 1795 891 1863 ad
920 1797 1106 1884 petitionem
1129 1819 1168 1863 ac
1188 1819 1301 1885 preces

64 1921 129 1968 nec
161 1923 228 1968 non
263 1899 448 1974 mandatum
488 1899 683 1968 venerabilis
717 1902 817 1990 patria
852 1909 885 1966 et
922 1899 1046 1968 domini
1075 1899 1226 1987 Gregorii
1259 1901 1300 1967 de

61 2003 273 2088 Crescencio,
298 2005 410 2071 Sancti
431 2003 592 2072 'l'beodori
622 2005 749 2073 diaconi
771 2003 953 2084 cardinalia,
986 2004 1181 2094 apostolicae
1216 2005 1301 2072 sedia

63 2109 179 2196 legati,
202 2111 302 2198 petria
324 2110 435 2197 utique
456 2109 593 2192 bonesti,
613 2109 740 2198 providi
761 2118 794 2177 et
816 2109 957 2194 discreti,
970 2131 1030 2200 pro
1050 2109 1152 2177 salute
1174 2111 1301 2177 animae

63 2224 198 2280 nostrae
236 2222 269 2280 et
302 2223 540 2281 antecessorum
581 2225 828 2302 nostrorumque
866 2235 1098 2299 successorum,
1142 2215 1302 2281 universis

61 2319 272 2385 monasteriis
295 2329 327 2385 et
348 2317 614 2386 conventualibus
637 2319 967 2406 ecclesiiaPragenais
990 2319 1147 2386 dioecesis
1169 2319 1301 2386 remitti-

61 2447 150 2502 mus,
174 2423 380 2490 concedimus
403 2433 435 2490 et
457 2423 611 2491 donamus
631 2427 747 2509 omnia,
771 2447 853 2512 quae
876 2423 1010 2490 inferius
1033 2433 1109 2490 sunt
1130 2444 1301 2511 expressa:

157 2529 187 2594 1.
220 2527 371 2616 Inprimis
412 2528 570 2617 siquidem
607 2531 804 2596 remittentes
840 2526 988 2596 volumus
1023 2539 1056 2596 et
1085 2527 1300 2617 praecipimus

62 2633 247 2718 observari,
281 2643 318 2699 ut
348 2633 495 2700 homines
529 2635 669 2700 omnium
702 2632 911 2701 ecclesiarum
945 2643 977 2700 et
1011 2631 1300 2700 ecclesiasticarum

61 2758 290 2828 personarum,
313 2739 366 2826 qui
399 2737 440 2805 de
469 2737 555 2805 furto
585 2736 639 2804 vel
672 2735 779 2826 aliquo
813 2735 876 2805 alio
912 2737 1070 2804 maleficio
1102 2739 1300 2821 incusantur,

62 2841 199 2910 nonnisi
221 2863 279 2929 per
300 2841 459 2908 vicinatur
481 2843 698 2910 testimonium
721 2865 756 2909 se
778 2851 969 2931 expurgent,
993 2854 1026 2910 et
1046 2841 1146 2909 falsus
1168 2863 1300 2908 accusa-

62 2957 120 3014 tor
142 2945 237 3013 nobis
260 2948 294 3011 in
317 2945 402 3013 000
425 2947 568 3014 denariis
588 2947 852 3036 condempnetur.

153 3053 184 3120 2.
218 3053 262 3119 Et
282 3062 319 3119 ut
350 3053 455 3122 nullua
489 3053 654 3120 hominum
688 3053 895 3118 ecclesiarum
925 3075 946 3118 ε
971 3049 1134 3140 judicibus
1165 3049 1295 3138 provin-

61 3157 215 3236 cialibus,
237 3158 295 3224 sed
317 3158 450 3226 anobis
484 3157 536 3225 vel
569 3181 692 3224 summo
722 3157 833 3247 judice
859 3159 967 3224 curiae
1000 3168 1128 3223 nostrae
1149 3153 1203 3221 vel
1226 3175 1297 3220 can·

62 3263 211 3348 cellario,
234 3265 263 3330 ai
283 3287 348 3330 non
371 3263 468 3331 luerit
489 3286 588 3330 causa
610 3264 784 3351 sanguinis,
803 3263 977 3351 judicetur.

155 3368 186 3434 3.
222 3367 435 3435 Concedimus
459 3369 553 3435 etiam
577 3380 609 3434 et
631 3365 796 3452 donamus,
819 3375 854 3433 ut
876 3388 987 3434 omnes
1010 3364 1119 3432 cleriei
1142 3373 1175 3430 et
1196 3361 1298 3430 eccle·

61 3475 218 3542 siasticae
252 3495 408 3562 personna
442 3471 579 3540 liberum
613 3471 753 3540 babeant
777 3494 871 3539 usum
904 3469 1057 3538 silvarum
1096 3491 1225 3536 suarum
1258 3465 1301 3533 ad

62 3580 179 3648 omnia
203 3601 260 3645 sua
281 3579 466 3644 necessaria
487 3577 646 3646 facienda.

155 3683 185 3750 4.
217 3682 389 3750 Praeterea
412 3683 613 3766 remittimus,
632 3681 836 3748 concedimus
860 3691 893 3748 et
914 3679 1080 3762 donamus,
1097 3687 1133 3744 ut
1154 3677 1300 3744 homines

62 3787 277 3854 ecclesiarum
306 3797 338 3854 et
367 3787 655 3854 ecclesiasticarum
678 3808 899 3875 personarum,
933 3785 1092 3871 lisgientes
1115 3783 1301 3848 servitutem

62 3891 211 3959 debitam
232 3891 388 3978 ecclesiis,
411 3915 432 3959 a
452 3891 571 3958 villicis
593 3888 756 3979 regalibus
778 3913 835 3958 seu
857 3889 929 3956 aliia
958 3887 1128 3956 laicalibus
1151 3886 1299 3977 personis

60 4018 132 4063 non
155 3997 362 4084 recipiantur.

154 4101 184 4168 5.
217 4099 313 4168 Illum
335 4103 431 4168 etiam
454 4101 589 4169 abusum
611 4101 760 4166 volumus
782 4099 915 4185 aboleri,
939 4100 993 4187 qui
1014 4121 1078 4165 non
1101 4096 1199 4185 longo
1222 4105 1300 4161 tern-

63 4228 149 4296 pore
175 4205 319 4291 inolevit,
343 4207 429 4296 quod
461 4206 657 4272 monasteria
687 4226 745 4271 seu
777 4203 860 4272 aliae
891 4204 1045 4271 ecclesiae
1067 4225 1179 4271 currus
1200 4203 1302 4268 vietu-

63 4309 173 4378 alibus
197 4311 365 4380 honoratos
387 4311 491 4396 nobis,
515 4313 556 4378 ad
580 4311 805 4400 expeditonem
826 4309 1104 4397 proficiscentibus
1127 4330 1183 4374 seu
1206 4303 1302 4374 collo·

64 4419 181 4504 quium
201 4416 447 4502 celebrantibus,
471 4416 703 4484 ministrabant

155 4523 186 4588 6.
221 4521 264 4588 Et
288 4545 329 4588 ne
359 4521 496 4588 barones
528 4520 583 4587 vel
614 4519 670 4587 alii
699 4521 817 4587 milites
839 4523 871 4587 in
898 4519 1047 4587 domibus
1080 4517 1298 4584 claustralium

64 4628 271 4716 hospitentur
312 4635 425 4694 contra
462 4626 660 4694 voluntatem
698 4629 858 4715 ipsorum;
900 4623 986 4714 quod
1023 4626 1050 4691 ai
1088 4623 1160 4711 quis
1194 4623 1301 4688 iacere
