3082 5128
453 421 577 472 xxxnr.
598 422 703 474 sarua
720 423 888 474 asscensu
905 425 926 475 1.
1234 414 1306 484 541

50 611 187 676 Nullus
209 611 296 676 debet
318 612 415 676 citari
431 635 494 699 per
514 613 651 698 aliquem
673 613 774 677 alium
795 614 861 678 rtisi
885 637 946 700 per
968 616 1218 701 ministerialem,
1248 619 1313 682 nisi

505 740 568 804 pro
592 718 723 782 crimine
743 719 870 784 recenti.

152 849 206 912 22.
241 845 445 912 Possibilitas
475 847 574 913 dictat
603 849 746 925 rationis,
780 847 867 936 quod
892 849 1021 936 judices
1051 850 1084 914 in
1115 851 1306 916 exercendis

47 952 199 1040 judiciis
223 953 289 1016 suis
313 949 454 1017 habeant
477 973 551 1017 suos
574 961 679 1018 ccrtos
702 953 926 1018 ministeriales
949 954 1019 1020 sive
1041 954 1212 1040 officiales,
1235 979 1310 1044 qua·

52 1065 199 1144 propter
212 1057 400 1124 statuimus:
424 1055 521 1138 Quod
532 1055 640 1124 nullus
657 1057 763 1146 judex
785 1081 844 1145 per
854 1057 993 1147 aliquam
1012 1058 1108 1125 aliam
1131 1083 1310 1147 personam,

53 1185 164 1248 quam
187 1185 246 1248 per
268 1170 391 1228 certum
414 1184 508 1228 suum
530 1161 703 1228 officialem
725 1163 794 1228 sive
818 1162 1058 1230 ministerialem
1082 1163 1179 1230 faciat
1200 1175 1233 1230 et
1255 1189 1310 1230 ex-

54 1267 177 1352 pediat
192 1289 267 1332 suas
282 1267 459 1348 citationes,
478 1264 596 1332 milites
609 1275 716 1331 autem
739 1288 798 1353 per
813 1266 953 1352 litteras;
972 1278 1108 1356 excepto
1122 1269 1191 1352 hoc,
1203 1271 1229 1334 si
1253 1269 1308 1336 ali-

53 1371 152 1457 quod
165 1372 287 1436 crimen
300 1370 466 1458 injudicio
482 1371 534 1436 vel
558 1371 648 1436 curia
657 1371 775 1458 judicii
787 1381 935 1438 recenter
957 1373 1064 1438 denuc
1077 1375 1310 1458 committatur-3

55 1487 143 1541 tunc
173 1499 233 1563 pro
258 1474 440 1564 hujusmodi
464 1475 598 1542 crimine
620 1497 678 1562 per
702 1476 879 1562 quemlibet
912 1476 1100 1544 familiarem
1124 1476 1219 1544 liceat
1242 1479 1310 1544 fieri

56 1580 246 1646 citationes.

59 1746 114 1812 De
141 1747 198 1811 illo
222 1749 278 1832 qui
294 1755 451 1834 procis-tut
474 1747 654 1810 citationem
676 1757 787 1810 contro
814 1747 952 1832 aliquem
965 1750 1031 1812 siste
1046 1749 1182 1836 lepitimo
1196 1760 1310 1814 actore.

154 1878 207 1942 23.
243 1878 415 1944 Praeterea
444 1878 628 1966 quicunque
658 1877 881 1965 praesidentes
913 1888 969 1944 aut
990 1881 1132 1966 ipsorum
1156 1879 1310 1946 officiales
1382 1913 1385 1918 ·

57 1991 120 2048 aut
143 1981 320 2048 familiares
342 1981 468 2070 aliquos
492 1981 653 2049 malitiose
676 1983 842 2049 laboribus
865 1993 898 2048 et
921 1985 1074 2070 expensis
1096 2007 1233 2070 gravare
1255 2009 1309 2050 vo-

61 2086 182 2170 lentes,
205 2109 264 2174 pro
288 2089 460 2154 vexatione
472 2087 662 2154 redimenda
682 2087 803 2176 aliquid
827 2090 858 2154 in
883 2090 1022 2176 pecunia
1043 2097 1099 2154 aut
1120 2088 1192 2156 aliis
1214 2089 1311 2156 rebus

61 2191 106 2258 ab
132 2191 257 2258 eisdem
279 2191 426 2260 volentes
449 2204 653 2280 extorquere,
684 2215 741 2258 seu
763 2194 940 2281 cupientes,
972 2195 1122 2281 quamvis
1153 2193 1233 2258 nihil
1257 2195 1309 2260 ha-

59 2295 166 2362 beant
199 2298 326 2383 penitus
357 2321 474 2364 causae
505 2320 562 2364 seu
595 2299 801 2386 quaestionis,
847 2298 1004 2365 adversus
1042 2321 1097 2364 cos
1125 2299 1248 2366 faciunt
1280 2311 1312 2365 ct

59 2410 242 2488 procurant
264 2403 410 2468 diversas
434 2403 620 2485 citationes;
656 2400 777 2468 idcirco
802 2403 987 2468 statuimus:
1019 2403 1116 2486 Quod
1145 2405 1174 2468 si
1196 2403 1312 2492 uliquis

59 2507 217 2574 citaverit
239 2504 292 2574 vel
315 2507 407 2572 citari
430 2509 652 2594 procuraverit
673 2507 814 2595 aliquem
837 2508 907 2572 sine
930 2507 1073 2592 legitimo
1097 2516 1218 2591 actore,
1241 2507 1312 2574 vul-

61 2613 193 2698 gariter
209 2635 288 2698 pree
302 2611 450 2698 potocdc,
473 2610 580 2677 taliter
603 2612 699 2678 citato
723 2613 792 2698 ipse
815 2612 918 2676 citans
941 2609 993 2678 vel
1016 2633 1192 2699 procurans
1216 2611 1312 2678 talem

60 2718 254 2784 citationem
300 2738 437 2804 poenam
480 2716 657 2802 vulgariter
681 2717 952 2804 picczucdzcsczu
990 2715 1116 2784 solvere
1148 2725 1311 2800 teneatur3

58 2821 276 2909 prohibentes
308 2820 484 2888 castellano
518 2831 550 2886 et
581 2821 780 2909 quibuslibet
800 2821 970 2910 judicibus,
999 2845 1056 2888 seu
1078 2820 1310 2910 subjudicibus,

60 2926 154 3014 quod
187 2926 340 3013 deinceps
371 2928 440 2992 sine
471 2935 559 2992 certo
590 2935 698 2992 actore
721 2935 754 2992 et
776 2948 875 2992 causa
898 2949 1053 3012 expressa
1082 2949 1146 2992 non
1170 2923 1310 2991 debeant

59 3033 176 3098 t'acere
197 3029 323 3120 aliquas
345 3031 522 3098 citationes.

59 3200 117 3262 De
138 3197 209 3263 illis
231 3199 287 3284 qai
309 3199 449 3262 citantur
478 3207 507 3262 et
528 3207 601 3262 sunt
623 3200 659 3262 iu
679 3199 806 3262 scutatis
824 3197 983 3284 partibus,
1013 3207 1119 3261 utrum
1149 3207 1312 3261 teneantur·
1396 3205 1400 3212 '

333 3302 518 3390 respondere
540 3304 576 3366 ia
589 3303 729 3390 jndicio,
753 3305 789 3367 iu
811 3326 870 3389 quo
894 3305 1038 3368 citantur.

154 3423 207 3500 24.
243 3432 420 3499 Statuimus
451 3435 593 3520 insuper,
626 3432 701 3500 dum
736 3434 852 3522 aliquis
881 3456 941 3521 pro
975 3431 1152 3498 hereditate
1185 3433 1308 3496 citatur

60 3560 259 3628 comparens
290 3539 323 3603 in
349 3537 475 3626 judicio
505 3538 695 3624 plerumque
725 3538 884 3604 malitiose
907 3539 1049 3624 opponit,
1085 3535 1172 3624 quod
1195 3535 1310 3600 Petrus

60 3643 119 3710 vel
143 3641 311 3708 iohannes
339 3643 371 3706 in
395 3642 579 3730 longinquis
610 3641 756 3730 partibus
786 3651 834 3706 est
856 3643 1059 3724 constitutus,
1092 3651 1124 3706 et
1147 3642 1194 3706 sic
1216 3639 1310 3704 heres

63 3746 216 3838 ejusdem
239 3744 437 3825 hereditatis,
470 3747 617 3834 quamvis
640 3748 722 3812 forte
745 3746 823 3811 nihil
842 3747 927 3834 juris
959 3745 1076 3811 habeat
1098 3745 1139 3810 ad
1163 3741 1309 3830 eandem,

64 3851 143 3918 ideo
167 3851 255 3932 dicit,
291 3874 325 3916 se
348 3873 412 3918 nen
435 3853 539 3916 teneri
567 3850 765 3938 respondere
789 3873 846 3938 pro
870 3849 982 3916 eadem
1006 3849 1198 3933 ltereditatc3
1234 3871 1310 3936 qua·

63 3965 203 4046 propter
232 3957 417 4022 statuimus:
450 3953 496 4022 Ut
516 3955 589 4020 talis
612 3955 727 4020 Petrus
749 3954 802 4020 vel
824 3954 989 4021 lohannes
1011 3954 1187 4042 injudicio
1211 3953 1309 4019 nomi-

64 4069 174 4142 natus,
193 4057 234 4126 de
261 4059 411 4125 mandato
429 4059 561 4148 judicis,
585 4061 618 4125 in
638 4059 744 4148 aliquo
768 4057 839 4125 loeo
862 4061 1015 4125 eminenti
1039 4057 1091 4124 vel
1114 4060 1202 4124 circa
1217 4079 1308 4144 paro·

64 4165 185 4244 chiam,
220 4164 260 4229 de
284 4187 348 4253 qua
376 4163 531 4252 parochia
560 4173 609 4230 est
639 4163 811 4248 hereditas,
846 4187 903 4252 pro
927 4186 990 4251 qua
1020 4164 1132 4229 eadem
1163 4165 1309 4250 quaestio

65 4269 281 4347 movebatur,
315 4291 372 4357 per
406 4268 631 4335 ministeriales
664 4269 767 4334 tribus
798 4269 925 4336 vicibus
973 4267 1223 4357 proclamando,
1268 4263 1310 4332 ad

66 4374 330 4464 prosecutionem
360 4395 417 4440 seu
444 4372 664 4440 defensionem
687 4395 813 4458 causae,
848 4375 890 4440 ad
912 4383 1035 4440 certum
1064 4374 1169 4438 locum
1193 4381 1225 4436 ct
1247 4380 1309 4435 ter-

67 4480 193 4543 minum
224 4476 356 4543 debebit
378 4479 486 4563 citari3
521 4501 584 4567 quc
608 4501 671 4544 non
694 4488 909 4568 comparente,
941 4487 1070 4560 extunc,
1105 4477 1208 4563 ipsius
1231 4497 1308 4541 non-

67 4583 217 4672 parentia
239 4583 308 4648 sive
331 4583 534 4648 contumacia
556 4581 801 4667 nonobstante,
826 4580 867 4648 ad
890 4582 1087 4648 decisionem
1118 4581 1186 4646 sive
1209 4579 1309 4646 offen·
