3082 5128
219 412 295 486 538
611 419 739 481 saxna
758 423 863 482 suaa
880 429 1051 483 uastam·
1067 429 1088 481 1.

215 617 364 707 judicum
389 617 520 684 lieentia
541 628 574 685 et
595 619 756 705 mandato,
790 623 905 708 quavis
934 623 1196 709 praesumptione
1226 631 1259 686 st
1280 621 1469 688 temeritate

217 723 339 788 intrare
362 724 623 810 praesumpserit,
644 724 769 812 absque
780 723 890 814 aliqua
900 727 1089 792 remissione
1098 722 1213 812 poena,
1235 725 1468 813 quaedieitur

212 827 491 912 picentudzescaa,
514 850 574 915 per
589 828 719 915 judiees
741 831 925 918 puniatur·
1022 827 1026 834 '
1115 826 1121 836 ’
1198 837 1201 846 ’
1315 831 1321 842 “

439 957 491 1024 De
513 959 599 1038 locta
622 963 658 1025 in
681 961 792 1048 quibus
806 955 940 1048 judicia
962 959 1080 1057 debens,
1093 957 1241 1049 aureosi.
1268 1039 1273 1050 ι
1328 985 1333 1001 ’

305 1069 354 1136 16.
389 1069 475 1152 Quia
497 1071 686 1162 plerumque
709 1073 866 1141 habentes
894 1057 1165 1162 jurisdictionem,
1189 1072 1283 1140 vela
1306 1095 1382 1138 casu
1407 1072 1466 1138 vel

152 1174 155 1194 '
217 1196 275 1241 suo
308 1197 368 1262 pro
398 1173 490 1266 libito
513 1175 689 1252 voluntatis
713 1188 952 1254 consueverunt
986 1176 1027 1242 ad
1045 1177 1257 1266 judicandum
1272 1185 1465 1263 ,acceptare

216 1279 270 1344 vel
293 1278 413 1367 eligere
437 1278 499 1344 sibi
521 1279 593 1346 loca
615 1281 779 1368 quaelibet
800 1281 1056 1364 indeterminate,
1087 1269 1135 1348 *et*
1148 1271 1233 1364 ideo,
1250 1273 1301 1346 'ut
1322 1282 1464 1368 quisque

217 1384 284 1458 suis
307 1385 452 1450 terminis
476 1385 518 1450 sit
539 1393 718 1466 contentus,
752 1386 939 1454 statuimus:
975 1384 1071 1470 Quod
1093 1385 1329 1466 cracoviensis.
1342 1383 1463 1450 castel·

217 1489 312 1560 lanus
334 1491 369 1555 in
392 1488 495 1558 tribus
518 1489 608 1575 locis,
631 1490 784 1557 videlieet
805 1491 838 1555 in
855 1489 1024 1574 Oracovia,
1047 1491 1081 1554 in
1104 1488 1361 1577 Andreyow,'in
1391 1489 1464 1554 Wi-

218 1591 310 1658 slicia
331 1615 390 1659 sua
412 1593 586 1662 debent-et
607 1604 776 1662 teneantur
796 1603 996 1684 pertractare
1017 1587 1165 1676 iudicinp¹
1183 1593 1263 1659 alias
1292 1577 1462 1682 tamquam

216 1719 238 1762 a
259 1719 325 1764 non
347 1721 406 1765 suo
424 1699 547 1787 judice,
580 1698 740 1790 quidquid
768 1699 888 1767 factum
910 1698 1007 1764 fuerit
1036 1698 1089 1764 vel
1113 1698 1305 1786 judicatum,
1336 1697 1463 1765 nullam

217 1799 334 1868 babeat
367 1801 562 1872 firmitatem.
599 1795 691 1872 Idem
714 1813 745 1871 et
776 1805 816 1873 de
847 1802 1021 1870 castellano
1044 1791 1276 1886 Sodomiriensi
1305 1801 1377 1886 loca
1401 1825 1464 1890 pro

217 1906 287 1994 ipso
310 1908 546 1994 specificantur.

215 2065 441 2132 Ministericlis
471 2089 530 2152 pro
553 2066 650 2154 cabaa
671 2067 794 2133 ὥοιηὶπί
821 2067 1013 2132 amalonem
1034 2068 1132 2134 citare
1153 2089 1214 2133 asa
1234 2063 1343 2132 dabam
1364 2087 1423 2132 ase
1446 2089 1463 2127 e

761 2163 926 2237 coaonae(
1039 2167 1041 2174 ’
1100 2195 1102 2200 ’
1177 2197 1180 2206 ·
1372 2169 1380 2178 ’

305 2283 356 2348 l'l.
380 2281 541 2363 Quoniam
555 2284 705 2349 ammodo
718 2284 880 2350 citationis
896 2283 1054 2349 nonnulla
1064 2271 1255 2370 &aramius
1275 2273 1309 2348 ¹et
1329 2301 1462 2370 oppres·
1535 2369 1536 2374 ἵ

217 2386 323 2452 siones
354 2408 413 2480 per
442 2397 569 2453 nostros
594 2388 723 2474 judices
758 2397 790 2453 et
823 2386 977 2455 officiales
1006 2390 1125 2454 nostris
1157 2387 1295 2454 subditis
1325 2389 1460 2452 evenire

217 2501 463 2576 consueverunt,
489 2495 531 2558 'et
552 2491 626 2559 ideo
650 2492 772 2558 eisdem
795 2481 1038 2579 gravaminibus
1061 2501 1094 2559 et
1113 2487 1379 2580 oppressionibus
1403 2513 1460 2557 vo·

219 2593 318 2662 lentes
335 2594 477 2682 obviare,
498 2597 677 2681 statuimus,
699 2596 786 2683 quod
807 2619 866 2684 per
880 2595 1107 2663 ministeriales
1130 2593 1366 2686 siveolliciales
1381 2597 1459 2660 cita-

217 2699 341 2764 tionum
363 2722 422 2788 per
444 2724 502 2766 nos
525 2703 595 2767 sive
618 2723 838 2790 quoscumque
855 2701 985 2789 judices
1008 2699 1220 2789 deputandos,
1244 2699 1312 2765 fore
1327 2701 1361 2764 in
1374 2700 1459 2765 bunc
1534 2757 1535 2766 ,

217 2803 346 2870 modum
376 2805 578 2872 formandam
608 2816 640 2872 et
661 2805 843 2874 faciendam
864 2807 1065 2873 citationem:
1097 2805 1193 2887 Quod
1223 2805 1292 2892 ipse
1315 2803 1458 2869 ministe·

216 2907 305 2974 rialis
328 2931 402 2975 oum
425 2934 482 2977 suo
506 2910 598 2977 solito
621 2911 737 2977 baculo
761 2910 802 2977 ad
824 2910 934 2976 villam
966 2911 1121 2977 accedere
1144 2907 1262 2974 debeat
1290 2907 1331 2993 ad
1356 2908 1457 2972 domi·

217 3035 293 3078 num
316 3014 423 3100 villae,
446 3039 590 3104 cumpro
613 3039 670 3082 suo
687 3039 824 3081 excessu
848 3013 993 3102 quolibet
1014 3015 1111 3079 fuerit
1125 3013 1282 3096 citandus,
1306 3009 1456 3076 obmissis

219 3116 365 3204 ejusdem
387 3118 638 3186 villaevillonis
669 3120 701 3184 in
726 3143 804 3206 pace
828 3127 863 3186 et'
882 3109 1131 3207 tranquillitate3
1162 3117 1204 3182 ad
1226 3115 1358 3182 domum
1375 3117 1456 3212 sire

219 3223 261 3287 ad
284 3233 408 3310 portam
439 3225 562 3290 domini
583 3225 635 3291 vel
666 3225 759 3289 unius
789 3223 972 3290 kmethonis
996 3221 1092 3289 villae
1122 3219 1268 3310 ejusdem
1299 3218 1455 3286 accedens

220 3326 324 3392 eidem
353 3327 473 3394 villano
505 3329 630 3395 literam
661 3328 856 3418 porrigendo
887 3338 920 3393 et
941 3327 1149 3394 nihilominus
1172 3329 1204 3392 in
1228 3323 1341 3392 eadem
1365 3325 1456 3390 litera

220 3431 414 3517 reponendo,
435 3431 476 3498 de
488 3434 579 3520 cujus
588 3433 708 3522 judicis
720 3432 871 3498 mandato
895 3443 927 3498 et
949 3440 1080 3522 propter
1102 3454 1197 3520 quem
1221 3429 1299 3496 feeit
1313 3429 1454 3495 'eandem
1532 3447 1533 3502 ἢ

220 3535 415 3601 citationem.
438 3536 473 3602 si
496 3547 602 3603 autem
615 3535 869 3625 ejusdemvillae
882 3537 993 3603 villani
1016 3545 1072 3602 aut
1094 3537 1165 3622 ipse
1187 3533 1338 3600 dominus
1360 3530 1453 3598 villae

219 3640 338 3706 fuerint
367 3641 498 3708 insimul
521 3642 707 3732 culpabiles,
740 3641 896 3726 volumus,
931 3642 1018 3728 quod
1042 3639 1155 3706 eodem
1178 3638 1272 3704 modo
1296 3635 1454 3723 tangendo
1531 3709 1532 3726 3

218 3754 343 3831 portam
355 3747 529 3835 cujuslibet
541 3747 724 3814 kmethonis
735 3747 803 3812 sive
816 3745 937 3830 villani,
957 3745 1125 3812 clamando
1144 3745 1241 3810 faeiat
1263 3739 1452 3808 citationem.
1531 3749 1532 3754 ’

221 3847 284 3928 Qui
294 3847 416 3934 villani,
432 3853 459 3918 si
478 3876 542 3919 non
564 3853 683 3920 luerint
699 3850 876 3940 culpabiles
898 3853 932 3917 in
948 3851 1066 3918 delicto
1079 3851 1199 3917 domini
1222 3849 1284 3929 sui,
1307 3847 1453 3914 volumus

219 3957 407 4042 etpraeeise
429 3955 646 4044 prohibemus,
663 3955 749 4047 quod
771 3981 830 4047 per
851 3954 987 4024 eandem
1009 3956 1191 4022 citationem
1215 3949 1453 4040 quomodolibet

220 4079 284 4121 non
306 4071 483 4146 graventur
504 4085 565 4128 nec
587 4061 771 4147 fatigentur,
804 4083 904 4150 quum
926 4060 1116 4148 plerumque
1138 4061 1170 4126 in
1195 4057 1304 4124 odium
1328 4066 1362 4121 et
1383 4077 1451 4121 con·
1530 4049 1531 4142 l

220 4171 376 4250 temptum
406 4165 527 4233 domini
557 4165 655 4233 villae
677 4177 710 4233 et
739 4189 782 4232 ex
804 4188 938 4232 rancore
962 4173 1198 4234 consueverunt
1221 4159 1335 4229 villani
1365 4159 1452 4226 inde·
1530 4155 1531 4198 ³

221 4265 286 4331 bite
308 4267 445 4356 fatigari.
489 4270 591 4356 Alias,
619 4271 646 4336 si
669 4280 782 4336 contra
804 4272 891 4358 ipsos
913 4269 1050 4337 villanos
1073 4268 1266 4354 contingerit
1289 4267 1380 4332 citari
1403 4265 1451 4330 vel

219 4369 358 4458 fatigari,
371 4375 584 4460 decernimus,
607 4375 695 4465 quod
712 4397 888 4464 procurans
902 4375 1091 4444 citationem
1103 4373 1237 4439 eandem
1254 4393 1329 4436 cum
1342 4391 1451 4458 poena,

220 4496 304 4561 quae
326 4479 443 4546 dicitur
458 4479 739 4570 piccanadzesczo,
774 4483 935 4567 puniatur.
979 4479 1024 4544 Et
1053 4477 1165 4545 eodem
1190 4475 1285 4542 modo
1307 4475 1451 4542 volumus

221 4583 403 4648 citationem
426 4585 624 4670 praedictam
646 4585 727 4668 fieri,
757 4583 814 4651 ubi
837 4586 906 4650 sine
929 4581 1038 4650 debito
1069 4581 1311 4648 domini'villae
1329 4577 1450 4680 ¹villani
