3070 5118
489 425 588 526 sust.
606 444 733 510 wesen
754 443 886 498 oneum.
1234 419 1308 504 505

43 632 193 712 scilicet,
217 635 273 720 qui
305 634 452 700 interfuit
481 557 673 717 indbctioni,
695 633 751 700 vel
773 657 811 700 eo
843 633 1024 717 deficiente,
1046 632 1110 700 slio
1131 655 1191 721 per
1211 633 1309 702 bene·

44 737 171 804 licium
206 740 381 824 assignato,
404 738 456 804 bis
478 741 512 804 in
534 763 619 804 anno
642 742 677 805 in
700 738 787 805 dicta
820 738 999 806 hereditate
1030 739 1117 804 licite
1140 738 1309 818 dominari,

44 841 248 929 recipiendo
281 863 381 928 equos
405 852 438 909 et
460 864 588 928 pecora,
611 851 738 908 tantum
759 864 819 930 pro
840 842 945 930 culpis
978 843 1124 928 ipsorum
1147 851 1180 909 et
1202 865 1308 932 sump-

43 945 143 1011 tibus
181 945 275 1012 factis
308 969 368 1034 per
399 969 491 1030 eum3
535 945 708 1013 medietate
747 958 854 1012 umen
896 967 1052 1032 equorum
1085 955 1118 1013 et
1150 969 1309 1035 pecorum

45 1051 299 1136 praedictorum
322 1053 430 1116 taliter
450 1060 654 1136 receptorum
673 1050 892 1116 beneficiariis
912 1051 1117 1138 applicanda,
1135 1059 1169 1118 et
1187 1052 1309 1118 medie-

45 1163 120 1218 tate
146 1153 276 1241 reliqua
297 1176 397 1240 penes
420 1164 564 1220 actorem
594 1158 699 1242 ipsum
733 1163 929 1221 remanente.
974 1159 1005 1239 θ.
1038 1155 1068 1222 6.
1109 1155 1200 1222 Infra
1230 1180 1309 1224 vero

45 1281 181 1324 annum
214 1257 311 1323 alium
352 1261 501 1344 proxime
534 1258 787 1346 subsequentem
817 1259 919 1324 actori
952 1259 1119 1346 praedicto
1151 1259 1205 1327 vel
1241 1263 1309 1328 suis

46 1361 236 1428 heredibus
277 1357 331 1442 (eo
364 1362 447 1429 forte
483 1361 650 1450 defuneto)
685 1361 782 1428 debet
813 1361 976 1428 heredites
1011 1363 1099 1429 dicta
1119 1365 1229 1430 taxari
1250 1386 1310 1452 per

48 1467 374 1534 vioe-camerarium
408 1488 482 1531 cnm
516 1464 646 1548 bidello‚
675 1465 825 1532 similiter
857 1474 890 1532 et
922 1465 1089 1545 beneficio,
1120 1489 1224 1556 usque
1268 1469 1311 1536 ad

49 1581 309 1636 concurrentem
349 1572 560 1656 quantitatem
592 1571 691 1657 pretii
732 1571 892 1637 aestimati
927 1572 1046 1653 damni,
1080 1573 1114 1638 iu
1147 1571 1310 1641 reditibus

50 1675 178 1740 annuis
212 1675 282 1740 sive
314 1673 475 1757 censibus,
503 1672 545 1740 ad
573 1675 730 1739 rationem
765 1675 860 1740 unius
891 1695 1020 1741 marcae
1054 1677 1216 1742 censualis
1250 1700 1310 1764 pro

52 1778 187 1844 decem.
232 1782 263 1861 9.
295 1777 325 1842 7.
366 1777 446 1845 Post
479 1801 576 1864 quam
616 1779 814 1844 taxationem
850 1779 968 1864 poterit
1000 1778 1087 1845 idem
1126 1788 1218 1847 actor
1255 1781 1309 1848 vel

53 1883 201 1949 heredes
224 1883 274 1947 sui
303 1883 432 1964 iterum,
456 1880 558 1947 semel
579 1891 715 1966 tantum,
738 1882 854 1965 forma,
878 1904 941 1968 qua
964 1904 1072 1970 supra,
1095 1883 1255 1951 dominari
1276 1886 1312 1951 in

56 1987 244 2052 hereditate
267 1985 444 2073 praedicta.
475 1990 506 2069 fi.
530 1986 560 2052 8.
591 1984 719 2067 Quibus
743 1985 892 2052 omnibus
916 1984 1105 2053 solemniter
1126 1987 1312 2077 adimpletio

56 2089 225 2176 praedicti
257 2087 460 2154 beneficiarii
482 2098 515 2154 et
536 2097 636 2172 actor,
667 2101 700 2154 et
732 2111 844 2156 eorum
878 2089 1025 2176 quilibet,
1058 2089 1099 2156 de
1132 2089 1312 2160 hereditate

55 2196 183 2281 cuique
203 2201 317 2260 taxata
338 2192 511 2290 disponere
533 2193 675 2278 poterint
699 2189 791 2258 velut
810 2193 851 2260 de
870 2215 906 2259 re
926 2197 1066 2282 propria,
1081 2194 1125 2260 sd
1143 2196 1312 2263 arbitrium

56 2297 187 2364 liberae
208 2295 396 2364 voluntatis.
1226 2367 1240 2396 ο

151 2404 182 2483 ξ.
206 2399 236 2465 9.
276 2397 403 2466 Similia
429 2399 557 2486 judicis
588 2398 711 2466 similes
741 2399 862 2466 debent
892 2401 1102 2466 concomitsri
1130 2422 1314 2488 processus,

57 2506 140 2592 quia
179 2503 234 2569 ubi
277 2503 390 2570 eadem
433 2505 516 2568 ratio
554 2502 723 2589 reperitur,
756 2503 843 2570 idem
874 2504 930 2591 jus
964 2503 1063 2570 debet
1102 2506 1213 2588 statui,
1247 2527 1313 2573 nou

57 2607 241 2674 diversum.
270 2608 450 2693 Propterea
470 2607 635 2693 praesenti
657 2606 820 2673 sancimus
842 2606 962 2687 edicto,
984 2608 1184 2694 praescripta
1205 2610 1314 2676 omnia

57 2721 93 2777 et
128 2711 260 2796 singula
292 2712 326 2776 in
363 2709 512 2776 effectum
548 2710 632 2776 trahi
667 2719 700 2776 et
734 2713 858 2777 servari
893 2710 1014 2778 debere
1046 2713 1080 2776 in
1111 2711 1244 2796 judiciis
1281 2721 1314 2778 et

57 2813 273 2902 processibus
307 2813 555 2900 quibuscunque
586 2812 711 2897 fiendis,
738 2835 804 2878 non
839 2813 945 2880 solum
977 2836 1076 2901 super
1109 2813 1224 2903 spolio,
1254 2815 1312 2881 sed

58 2922 164 2985 etium
187 2939 284 3004 super
306 2919 431 3004 rapine,
454 2916 550 3000 furto,
570 2916 752 2982 sublatione
775 2938 940 3001 censuum,
961 2927 994 2983 et
1016 2917 1066 2984 his
1089 2918 1313 2986 consimilibus

61 3022 121 3088 vel
145 3023 294 3088 annexis.

83 3141 156 3260 CV.
185 3195 236 3260 De
258 3197 383 3259 actione
406 3194 497 3259 ciuili
519 3195 815 3280 repermissione
837 3183 891 3260 seul
913 3193 1097 3284 &recum
1119 3195 1290 3262 domorum.

154 3333 277 3400 Contra
302 3353 494 3398 excussores
516 3352 574 3398 seu
596 3331 757 3399 violentos
790 3336 959 3401 invasores
982 3333 1150 3401 domorum
1175 3333 1314 3401 dominis

61 3448 124 3507 aut
145 3437 261 3504 incolis
285 3460 397 3504 eorum
427 3435 567 3504 civiliter
595 3459 693 3523 agere
729 3439 938 3523 permittitur,
961 3439 989 3504 si
1012 3437 1120 3505 debite
1143 3437 1314 3506 voluerint.

62 3549 97 3627 ξ.
133 3545 161 3610 1.
198 3541 306 3610 Debet
340 3543 425 3607 enim
459 3541 610 3609 dominus
631 3538 684 3606 vel
707 3539 815 3606 incola
842 3539 956 3606 domus
980 3563 1147 3625 excussae,
1170 3548 1315 3628 tempore

62 3668 131 3735 quo
167 3645 282 3710 domus
317 3646 489 3722 excutitur,
512 3653 670 3712 nocturno
704 3645 872 3731 potissime
902 3642 956 3709 vel
990 3643 1115 3728 diurno,
1138 3646 1165 3709 si
1188 3643 1315 3730 poterit,

63 3751 135 3816 alta
156 3769 239 3814 voce
261 3748 414 3830 clamare,
431 3749 516 3834 quod
535 3747 635 3812 vieini
656 3749 783 3833 possint
798 3745 912 3812 audire
935 3746 1127 3830 clamorem3
1149 3755 1182 3812 et
1204 3745 1315 3810 subse·

65 3861 206 3941 quenter
229 3854 348 3932 stetim,
365 3873 462 3938 quam
485 3851 580 3916 citius
602 3847 712 3915 debite
733 3851 885 3936 potnerit,
898 3849 1014 3915 vicinis
1032 3851 1110 3936 ipsis
1131 3848 1315 3934 significare

66 3957 256 4022 violentiam
280 3953 343 4020 sibi
366 3953 485 4020 factm
508 3963 541 4018 et
563 3951 696 4019 illatam.
721 3957 750 4035 ξ.
774 3955 805 4018 2.
828 3952 996 4019 Excussus
1017 3951 1104 4018 infra
1122 3953 1315 4040 septimanas

66 4061 150 4126 duas
174 4059 323 4145 proxime
346 4057 579 4144 subsequentes
610 4055 697 4121 diem
729 4057 931 4122 excussionis
960 4057 1116 4142 ingestae,
1148 4053 1316 4121 notificare

67 4163 170 4230 debet
191 4161 408 4228 beneficiariis
432 4172 536 4226 terrae
559 4161 662 4247 ipsam
686 4161 929 4244 excussionem3
969 4159 1129 4248 aquibus
1152 4157 1314 4224 bedellum

67 4267 216 4352 recipiat,
240 4268 294 4352 qui
330 4273 538 4352 prospectum
569 4264 796 4329 excussionem
825 4262 989 4346 sedetet
1019 4263 1060 4328 de
1090 4283 1171 4328 eaa
1200 4260 1317 4326 vicinis

72 4380 105 4435 et
128 4367 233 4452 aliter,
247 4378 284 4434 ut
305 4367 420 4434 melius
442 4367 571 4454 poterit,
589 4366 762 4454 diligenter
779 4367 938 4452 inquiret3
961 4376 995 4432 et
1011 4364 1216 4451 singulariter
1234 4365 1318 4430 ostis

73 4474 190 4542 domus
220 4479 253 4538 et
281 4471 347 4538 elis
381 4467 596 4558 supellectilia
637 4469 802 4536 confractu
837 4466 921 4536 forte
953 4468 1008 4536 vel
1040 4469 1134 4536 aliter
1162 4466 1319 4554 dissipata

72 4578 262 4665 conspiciat,
297 4574 486 4642 convocatis
525 4574 642 4640 vicinis
676 4573 756 4655 ipsis
788 4572 897 4658 edam,
931 4571 1317 4733 quorum64testimonium

128 4701 201 4752 Slus.
220 4697 339 4764 deony.
