3070 5118
405 427 515 480 xxvu
533 425 703 493 suetonum
721 427 950 480 coenonema
1218 412 1293 486 485

90 573 93 580 l
134 617 174 682 9.
198 617 235 684 Si
256 641 386 684 cauum
415 617 514 685 habet
534 618 676 684 Boemus
706 641 778 683 cum
801 617 1011 702 Theutouico,
1045 638 1128 705 quae
1158 616 1293 683 testibus

28 719 174 788 debeat
196 722 411 810 comprobari,
434 723 575 788 Boemus
597 721 714 788 babeat
736 743 814 809 erga
824 720 1057 788 Theutouicum
1078 721 1293 789 'theutonicos

29 825 130 892 duos
160 837 195 893 et
217 849 317 892 unum
339 828 505 904 Boemum‚
528 825 641 892 fideles
663 847 785 893 omnes.

139 951 198 1015 10.
222 947 386 1025 Similiter,
409 949 435 1014 si
459 970 588 1014 causam
611 947 710 1015 habet
730 947 949 1015 Theutouicus
973 971 1045 1014 cum
1064 949 1194 1025 Bonum,
1216 957 1293 1014 tunc

29 1053 278 1120 Theutouicus
300 1051 418 1119 habeat
440 1073 519 1140 ergo
541 1051 697 1119 Boemum
720 1051 800 1119 duos
822 1053 960 1120 Boemos
983 1063 1016 1120 et
1037 1075 1137 1119 unum
1154 1051 1292 1118 Theuto-

29 1159 173 1238 nicum‚
198 1157 254 1224 sed
277 1157 399 1224 fideles.

139 1281 195 1345 11.
218 1279 269 1345 De
291 1279 445 1346 Romanis
469 1287 502 1346 et
524 1280 658 1348 Judueis
681 1279 839 1346 similiter.

140 1403 195 1468 12.
219 1402 312 1486 Item,
336 1403 364 1468 si
376 1403 526 1487 Euenus,
542 1403 596 1470 vel
608 1403 780 1487 Romanus,
804 1400 856 1468 vel
868 1403 1068 1491 quiscunque
1080 1399 1293 1491 inculpaverit

33 1507 303 1588 Theutouicum,
335 1517 414 1572 tunc
446 1507 642 1574 camerarius
675 1529 819 1572 summus
851 1506 949 1574 debet
982 1509 1108 1572 mittere
1140 1507 1291 1573 nuncium

33 1635 146 1676 suum
180 1611 222 1676 ad
246 1611 391 1700 judicem
422 1610 703 1694 Theutouicorum‚
739 1612 861 1699 etipse
885 1611 991 1701 judex
1021 1611 1291 1676 Theutouicorum

30 1716 215 1804 judicabit
236 1739 364 1780 causans
388 1713 487 1798 illam,
522 1724 554 1781 et
575 1715 621 1782 ibi
643 1714 724 1781 nihil
746 1714 819 1804 plus
848 1717 987 1802 pertinet
1008 1715 1050 1780 ad
1072 1717 1290 1781 camerarium.

140 1840 194 1905 13.
217 1837 260 1902 Et
282 1839 378 1903 etium
401 1837 542 1904 concedo
565 1837 784 1921 Theutouicis,
807 1837 894 1926 quod
916 1836 1010 1904 liberi
1033 1838 1098 1903 sint
1119 1837 1160 1903 ab
1184 1837 1289 1925 bospi-

36 1943 135 2008 tibus
161 1951 196 2007 et
217 1943 396 2029 peregrinis
426 1951 458 2006 et
479 1941 624 2008 advenis.
669 1943 841 2024 Noveritis,
875 1941 961 2029 quod
985 1941 1176 2008 Theutouici
1197 1941 1291 2009 liberi

36 2047 200 2113 homiues
222 2056 305 2112 sunt.

139 2171 194 2236 14.
217 2169 409 2260 Quicunque
430 2171 556 2237 advena
571 2170 624 2236 vel
639 2171 764 2258 hospes,
787 2169 828 2235 de
840 2190 1031 2257 quecunque
1045 2177 1132 2236 terra
1145 2171 1289 2252 veniens,

40 2297 122 2341 cum
135 2271 351 2342 'l'hedtonicis
362 2274 502 2341 voluerit
516 2296 646 2341 manere
657 2275 692 2340 in
703 2275 841 2352 civitate,
865 2271 970 2360 legem
983 2282 1016 2340 et
1027 2273 1290 2340 consuetudinem

37 2379 326 2446 Theutouicorum
349 2379 475 2446 babeat.

136 2503 190 2570 15.
224 2503 360 2570 Furtum
383 2505 410 2568 si
441 2501 483 2570 ad
506 2501 740 2570 Theutouiouru
764 2512 822 2586 est,
856 2501 953 2570 debet
982 2504 1090 2592 excipi
1119 2511 1289 2590 praesente

34 2610 159 2697 judice
182 2606 465 2674 Theutouicorum.

136 2733 192 2798 16.
217 2731 251 2798 Si
274 2731 326 2797 fur
346 2730 566 2798 Theutouicus
590 2707 648 2816 esti
672 2741 749 2799 tunc
770 2735 920 2822 princeps
943 2703 1204 2819 eum'judioabit.

136 2852 323 2919 lustror
352 2854 503 2920 innecte
533 2855 666 2943 cupitur,
698 2854 912 2944 suspenditur.
958 2853 993 2920 Si
1016 2853 1124 2919 indie
1155 2853 1288 2940 capitur,

40 2959 237 3024 excoriatur
266 2958 299 3022 in
325 2956 455 3044 publico
486 2967 518 3023 et
548 2959 711 3024 civitatem
739 2959 918 3048 abjuravit3
951 2967 1065 3047 postea
1097 2957 1124 3022 si
1154 2958 1288 3044 capitur,

41 3059 270 3151 suspenditur.

136 3203 189 3268 18.
213 3200 377 3288 Quidquid
400 3201 521 3268 faciunt
543 3197 745 3286 Theutouici,
778 3225 843 3270 non
866 3205 1045 3291 capiuntur,
1080 3224 1140 3268 neo
1162 3169 1285 3266 im

42 3331 157 3376 cerem
187 3316 360 3394 ponuntur,
392 3307 421 3373 si
441 3305 611 3373 habuerint
639 3305 846 3395 fidejussores
873 3308 927 3374 vel
954 3307 1083 3374 domum
1113 3305 1285 3392 propriam.

135 3429 189 3494 19.
212 3429 250 3494 In
273 3449 464 3516 quecunque
485 3452 522 3494 re
544 3427 720 3517 culpabiles
744 3439 837 3498 erunt
852 3429 905 3496 vel
920 3429 968 3496 rei
982 3427 1184 3510 Theutouici,
1207 3423 1286 3492 nihil

42 3534 159 3599 damni
182 3531 234 3597 vel
257 3531 474 3604 verecundiae
496 3534 660 3620 patiantur
684 3556 794 3600 eorum
817 3535 909 3623 pueri
932 3541 964 3600 et
985 3555 1114 3600 uxores.

134 3655 187 3720 20.
211 3653 244 3722 Si
260 3677 316 3742 per
337 3657 427 3722 vicos
440 3655 710 3723 'theutonicorum
734 3656 850 3745 aliquis
873 3659 935 3723 iret
955 3657 990 3722 in
1011 3667 1105 3724 nocte
1128 3665 1161 3721 st
1182 3657 1284 3724 facem

42 3783 111 3827 non
135 3759 295 3842 habuerit,
320 3761 348 3826 ai
368 3757 424 3824 ille
447 3759 614 3847 occiditur,
637 3760 830 3828 Theutouici
853 3761 918 3826 siut
938 3757 1161 3848 inculpabiles.

134 3881 188 3947 21.
211 3881 246 3946 Si
267 3880 350 3946 falsa
371 3891 500 3947 moneto
521 3881 574 3948 vel
596 3884 682 3949 ferra
702 3886 835 3950 invento
857 3883 977 3950 iruerint
998 3884 1031 3949 in
1054 3883 1136 3948 cista
1146 3882 1285 3948 Theuto-

43 3988 122 4070 uici,
147 4007 221 4052 reus
245 3995 294 4050 est
315 3984 380 4069 ille,
411 3987 503 4074 cujus
527 3997 577 4052 est
598 3990 688 4054 cista.
735 3987 771 4054 Si
792 4011 869 4054 vern
892 3989 924 4054 in
949 3988 1038 4054 curin
1058 3986 1111 4054 vel
1133 3987 1167 4052 in
1190 3986 1284 4052 domo
1380 4021 1382 4028 ι

43 4092 266 4170 inveniuntur,
298 4089 501 4178 inculpabilis
524 4101 582 4172 est,
612 4093 704 4179 cujus
728 4101 777 4158 est
805 4093 919 4159 domus
942 4092 995 4158 vel
1022 4093 1123 4176 curie,
1153 4099 1285 4178 propter
1365 4075 1368 4083 ’

43 4197 177 4282 iniquos
205 4203 238 4259 et
258 4190 419 4286 rnalignoa
448 4193 604 4278 homines,
636 4199 690 4284 qui
714 4195 791 4263 tolia
813 4196 917 4263 solent
937 4197 1094 4284 projicere
1117 4196 1151 4260 in
1173 4193 1284 4260 domos

44 4299 99 4365 vel
122 4300 157 4363 in
179 4299 296 4364 curias.

134 4418 186 4483 22.
210 4419 247 4485 si
268 4419 386 4486 furtum
410 4423 485 4508 equi
508 4421 594 4509 apud
615 4421 849 4490 Theutouicum
872 4423 969 4504 fuerit
989 4421 1198 4508 recognitum,
1229 4417 1284 4484 ille

47 4525 101 4612 qui
124 4542 242 4610 equum
265 4526 441 4610 cognoscit,
464 4547 616 4614 praesens
630 4527 780 4617 (primus)
789 4527 925 4616 jurabit,
948 4549 983 4594 se
997 4527 1143 4594 amisisse
1166 4545 1283 4612 equum
