3082 5128
456 443 583 496 xxxm.
602 442 708 498 suaa
724 441 892 496 wacena
910 443 930 494 1.
1247 427 1321 500 543

62 631 186 698 Jadee
216 655 281 698 aon
301 631 414 720 plures
443 655 538 718 qaam
566 631 645 696 daos
666 632 855 720 familiares
882 635 990 700 mittat
1019 633 1063 698 ud
1088 632 1324 720 pignorandum

548 759 617 802 carn
638 737 852 804 ministeriali.

160 869 213 934 26.
237 868 420 950 Praeterea,
445 867 520 954 quia
538 889 596 954 per
609 867 808 956 frequentem
828 887 1004 956 pauperum
1021 868 1322 956 impignorationem

63 972 268 1060 plerumque
300 993 459 1058 pauperes
489 969 628 1058 plurima
657 972 775 1038 damna
806 981 838 1038 et
867 974 1093 1060 oppressiones
1129 970 1323 1060 multiplices

64 1079 250 1170 patiuntur,
273 1075 428 1142 videlicet
449 1077 482 1141 in
506 1099 554 1160 eo,
578 1078 666 1165 quod
688 1079 887 1160 catervatim,
910 1099 975 1142 non
997 1099 1056 1164 per
1076 1077 1207 1144 modum
1225 1076 1320 1165 justi-

66 1183 189 1246 tiariae
205 1182 383 1268 potestatis,
407 1181 448 1248 ad
461 1180 601 1268 aliquam
613 1180 725 1248 villam
742 1184 967 1269 pignoratores
983 1181 1175 1249 accedentes
1192 1181 1322 1247 damna·

65 1286 185 1352 bititer
228 1289 275 1372 [et
296 1285 485 1374 plerumque
507 1285 631 1375 absque
662 1286 784 1375 judicis
806 1285 970 1368 mandato,
1002 1295 1034 1352 et
1056 1285 1126 1352 sine
1149 1286 1245 1373 culpa
1266 1285 1323 1351 do-

68 1392 183 1474 mini],
207 1389 307 1456 villae
329 1389 381 1458 vei
404 1390 608 1474 villanorum,
632 1391 833 1458 committere
861 1389 1016 1478 plurimas
1039 1400 1250 1478 praesumunt
1271 1412 1323 1456 ra·

68 1497 180 1582 pinas,
221 1505 418 1583 quapropter
440 1495 501 1560 hoc
524 1495 695 1582 providere
716 1493 872 1578 volentes,
897 1495 1082 1560 statuimusz
1114 1495 1209 1578 Quod
1233 1493 1323 1559 dein·

71 1622 156 1688 ceps
194 1598 301 1688 judex
340 1597 393 1666 vel
436 1598 599 1688 subjudex
631 1597 673 1664 ad
708 1599 1009 1686 impignorationem
1044 1598 1225 1676 faciendam
1258 1621 1323 1663 non

71 1703 190 1790 piures
213 1725 309 1791 quarn
334 1703 414 1769 duos
437 1705 542 1769 mittat
563 1725 636 1769 cum
659 1701 860 1769 ministeriali
884 1703 1067 1788 familiares,
1091 1715 1123 1769 et
1145 1701 1230 1791 quod
1254 1703 1350 1768 sine=

70 1808 173 1895 eutpa
197 1807 250 1874 vel
274 1808 343 1873 sino
366 1830 473 1891 causa,
513 1816 655 1873 autnon
678 1805 907 1873 condemnatos
931 1829 989 1872 seu
1013 1807 1188 1890 convictos,
1211 1806 1323 1872 autin

67 1911 202 2000 judicio
222 1907 288 1978 ¹non
311 1912 486 1996 confessos,
510 1911 579 1998 ipse
597 1910 704 1998 judex
719 1909 773 1976 val
796 1910 959 1997 subjudex
981 1932 1045 1976 non
1068 1920 1252 1998 praesumat
1264 1932 1324 1976 nec

71 2017 246 2104 permittat
267 2017 494 2104 impignorare.
545 2016 643 2099 Quod
665 2017 692 2082 si
715 2013 787 2104 ipse
804 2014 911 2104 judex
933 2014 986 2082 vel
1008 2014 1109 2103 aliqui
1131 2015 1186 2082 alii
1209 2017 1324 2104 quavis

74 2123 282 2206 auctoritate,
304 2119 358 2186 vel
380 2121 487 2207 potius
499 2121 629 2208 propria
638 2122 825 2190 temeritate
840 2117 893 2186 vel
912 2121 1130 2208 oppressione,
1153 2122 1325 2208 pignorare

75 2235 111 2292 et
134 2225 243 2313 potius
266 2227 396 2313 rapinas
417 2227 617 2290 'committere
639 2226 924 2312 praesumpserint,
957 2224 1186 2313 praecipiendo
1208 2223 1324 2291 decer-

72 2332 203 2396 nimus:
233 2329 329 2413 Quod
351 2351 470 2417 peoora
491 2329 546 2395 rel
568 2328 647 2396 alias
671 2351 878 2417 quascunque
901 2351 953 2394 res
977 2331 1100 2396 ratione
1123 2331 1326 2416 impignora-

73 2435 177 2500 tionis
216 2434 323 2500 ablata
361 2433 415 2500 vel
446 2442 585 2520 recepta,
624 2433 730 2522 judex
759 2434 890 2500 domino
923 2433 1020 2500 villae
1050 2435 1240 2521 pignoratos
1273 2432 1326 2499 vel

74 2537 211 2604 villanis
232 2537 330 2604 villae
353 2537 510 2626 ejusdam,
533 2538 752 2604 asserentibus
776 2561 811 2603 se
827 2535 970 2603 indebite
986 2545 1018 2602 et
1039 2545 1152 2603 contra
1165 2537 1327 2624 justitiam

74 2665 151 2708 esso
173 2644 415 2730 impignoratos,
449 2650 573 2708 remota
594 2651 626 2708 et
648 2651 795 2708 cessante
817 2640 962 2730 qualibet
985 2639 1187 2725 difficultate,
1211 2641 1324 2708 eadem

72 2749 218 2834 pignora
250 2745 466 2833 intergrsliter
500 2755 532 2811 et
567 2769 609 2812 ex
641 2755 708 2812 toto
743 2769 839 2833 super
872 2745 1110 2834 fidejussoriam
1143 2747 1325 2812 cautionem

73 2853 420 2934 restituereteneatur3
432 2853 569 2918 termino
583 2851 687 2918 eidem
705 2851 834 2916 domino
847 2850 944 2916 villae
957 2850 1012 2917 vel
1023 2849 1154 2916 villanis
1166 2851 1322 2936 impigno-

74 2959 159 3023 ratio
182 2956 224 3022 ad
254 2955 488 3022 ostendendum
518 2978 609 3021 suam
632 2957 848 3022 innocontiam
870 2963 903 3020 et
918 2956 1080 3044 justitiam
1111 2955 1324 3040 assignantes.

75 3062 122 3126 Et
144 3058 366 3143 nihilominus,
388 3068 425 3126 ut
444 3059 583 3126 audacia
605 3068 637 3126 et
654 3060 819 3126 temeritas
840 3059 1080 3148 pignorantium
1102 3061 1324 3144 restringatur,

39 3249 41 3252 Ι
77 3165 297 3248 decernimus,
328 3163 416 3252 quod
437 3165 615 3252 praemisso
646 3163 742 3230 modo
765 3165 835 3230 sine
857 3163 954 3251 culpa
973 3165 1179 3252 impignorati
1201 3162 1325 3250 patefe-

75 3269 186 3334 cerint
209 3291 300 3336 suam
322 3269 548 3354 innocentiam,
579 3277 736 3358 quotquot
757 3290 914 3356 personae
936 3268 1055 3334 irrerint
1075 3270 1109 3334 in
1131 3291 1265 3333 numero
1289 3268 1322 3332 in

75 3373 169 3439 diota
183 3375 417 3460 pignoratione,
434 3372 540 3460 judex
563 3383 594 3440 et
614 3372 786 3462 subjudex,
811 3375 865 3461 qui
877 3373 1018 3439 fueritin
1030 3373 1192 3456 mandato,
1215 3372 1320 3460 cujus·

77 3479 164 3544 libet
186 3475 314 3544 illorum
338 3499 476 3565 poenam
491 3477 763 3566 piaeeaadaererc
777 3477 881 3558 uina,
904 3499 939 3544 se
960 3478 1089 3546 noverit
1110 3478 1324 3560 incursurum,

79 3583 215 3649 domino
236 3581 336 3650 villae
356 3584 591 3671 impignoratao
613 3581 812 3648 solvendam.

76 3725 129 3789 De
152 3731 290 3809 quaestor·
311 3717 453 3800 casibus,
472 3723 507 3786 io
529 3721 641 3808 quibas
663 3744 765 3808 poena
786 3719 1026 3787 riedmidzeectir
1048 3743 1189 3786 carcerae
1211 3721 1320 3807 rapior

341 3835 386 3892 est
407 3825 556 3892 soluenda
578 3836 607 3892 et
629 3825 840 3914 applicanda,
864 3835 893 3891 et
914 3849 978 3891 aon
1000 3826 1085 3892 aliie.

167 3955 220 4022 27.
243 3957 416 4022 Praeterea
436 3979 550 4046 poena,
573 3978 656 4043 quae
678 3957 847 4023 consucvit
868 3966 978 4022 nostro
1001 3954 1079 4022 fisco
1102 3979 1159 4022 seu
1177 3979 1325 4023 camerae

80 4069 223 4142 nostrae,
236 4061 401 4150 applicari,
422 4084 506 4150 quae
523 4060 641 4127 dicitur
659 4060 910 4142 riedmtdzaart,
934 4061 1120 4126 statuimus:
1138 4060 1233 4143 Quod
1256 4071 1324 4125 tan·

79 4162 249 4230 tummodo
272 4165 304 4230 in
328 4175 466 4254 quatuor
489 4168 594 4232 causis
616 4163 840 4252 infrascriptis,
864 4175 896 4230 ct
918 4187 981 4231 non
1005 4163 1162 4252 pluribus,
1196 4173 1325 4230 nostrae

80 4292 231 4336 camerae
259 4268 449 4360 applicetur.
494 4269 621 4336 Primus
651 4291 745 4335 casus
768 4279 817 4334 est
846 4292 904 4357 pro
935 4268 1094 4352 incendio,
1129 4268 1182 4334 ubi
1209 4268 1326 4355 aliquis

80 4398 141 4462 pro
154 4373 313 4441 incendiis
330 4385 510 4460 accusatus,
528 4377 626 4464 juxta
647 4373 783 4440 formam
800 4375 884 4462 juris
907 4371 1050 4460 legitime
1072 4397 1107 4438 so
1128 4395 1194 4438 non
1208 4373 1326 4460 poterit

81 4477 277 4566 expurgare.
323 4478 491 4546 Secundus
519 4501 622 4560 casus,
661 4477 716 4544 ubi
746 4477 863 4566 aliquis
896 4486 1065 4544 accusatur
1099 4477 1138 4542 de
1172 4476 1326 4542 violentia

83 4584 154 4652 sive
178 4579 281 4673 spolio
304 4583 454 4676 publicae
477 4593 595 4652 stratae
617 4593 649 4650 ct
671 4581 825 4650 defecerit
847 4583 879 4658 in
904 4604 963 4650 sua
980 4581 1223 4674 expurgatione.
1247 4579 1324 4647 Ter·
