3082 5128
492 515 602 566 xxxv.
623 515 904 566 aestuaveram.
1243 499 1316 572 589

50 704 271 770 constituere
283 713 390 770 certos
404 713 533 787 tutores,
550 727 631 790 quos
657 703 793 769 veluerit
816 711 847 766 et
871 701 911 767 de
935 701 1051 788 quibus
1065 699 1138 788 plus
1162 701 1314 784 confidat,

49 829 175 894 usque
197 807 239 874 ad
252 831 354 874 annos
377 809 525 896 superius
549 807 727 894 allegatos,
750 829 811 872 nee
831 805 962 872 eosdem
987 815 1120 889 tutores,
1146 815 1314 894 postmor-

49 921 125 976 tem
141 913 383 994 constituentis,
396 912 609 998 proximiores
623 935 643 977 a
658 909 757 975 tutela
766 912 907 997 poterint
919 931 980 976 nee
994 908 1124 977 valeant
1136 933 1314 978 removere.

151 1015 192 1082 V.
227 1015 266 1080 In
297 1015 437 1102 quadam
469 1017 696 1080 constitutione
727 1014 986 1101 praedecessoris
1017 1016 1120 1080 nostri
1144 1014 1312 1081 decretum

49 1121 204 1202 exstitit,
240 1118 393 1184 videlicet
426 1121 458 1183 in
483 1118 622 1205 capitulo
657 1119 731 1204 „Eos
760 1121 915 1184 oornmrsni
946 1121 1025 1182 aserd‘
1062 1117 1103 1204 (Ι.
1129 1119 1194 1204 81),
1230 1118 1316 1205 quod

48 1225 223 1289 moriente
245 1246 418 1311 puerorum
441 1233 553 1299 matre,
578 1231 668 1308 patre
692 1245 766 1287 cum
787 1223 851 1287 alia
871 1222 992 1288 nubere
1015 1223 1154 1305 volente,
1180 1224 1269 1311 pueri
1293 1245 1314 1287 a

49 1337 157 1413 patro
191 1327 345 1414 petebant
375 1327 567 1415 portionem.
612 1325 655 1390 Et
684 1325 757 1390 ideo
786 1325 1039 1408 considerantes,
1074 1325 1316 1415 quodpropter

49 1431 331 1516 ingratitudinem
354 1429 570 1518 patrifaotam
592 1451 651 1516 per
673 1427 768 1512 filios,
792 1439 824 1494 et
847 1439 979 1516 propter
1002 1429 1246 1517 depressionem
1263 1431 1313 1494 sui

50 1546 179 1618 status,
213 1558 308 1622 quam
333 1559 353 1601 a
375 1533 450 1600 filiis
473 1536 507 1598 in
531 1535 716 1620 receptione
747 1533 904 1599 bonorum
929 1533 1120 1620 patiebatur,
1152 1533 1314 1600 multoties

54 1639 121 1705 lilii
146 1640 190 1705 ad
212 1641 355 1727 inopiam
377 1637 558 1723 vergebant
580 1635 669 1702 etad
694 1647 819 1724 patrem
837 1659 894 1723 pro
916 1637 1068 1703 subsidiis
1091 1637 1326 1720 convolabant,

51 1745 116 1830 qui
129 1743 299 1830 superiora
309 1741 493 1822 advertens,
508 1740 632 1806 eisdem
656 1761 844 1806 succurrere
861 1762 926 1804 non
949 1740 1079 1808 volebat
1091 1765 1151 1808 nee
1162 1741 1313 1824 curabat3

53 1849 150 1913 :rude
185 1848 271 1912 inter
300 1856 469 1933 utramque
503 1855 628 1932 partem
660 1843 866 1931 displicentia
899 1853 933 1908 et
966 1867 1083 1910 rancor
1120 1846 1313 1913 morabatur.

52 1951 192 2034 Quibus
215 1951 428 2016 incommodis
459 1949 592 2016 obviare
624 1950 802 2036 cupientes,
838 1958 961 2014 extunc
991 1951 1183 2016 statuimus:
1217 1949 1313 2030 Quod

44 2067 155 2142 pater
189 2055 313 2122 habens
335 2054 428 2136 filios,
464 2053 541 2119 dum
564 2064 637 2142 post
660 2062 796 2118 mortem
819 2055 931 2118 matris
955 2076 1065 2118 eorum
1088 2053 1131 2118 ad
1154 2052 1312 2118 secundas

53 2161 193 2247 nuptias
205 2156 436 2240 convolaverit,
449 2182 513 2225 non
527 2157 700 2238 tenebitur,
724 2158 787 2222 nisi
800 2157 882 2223 forte
896 2157 974 2223 velit
988 2166 1114 2245 sponte,
1138 2156 1311 2243 praedictis

56 2263 136 2327 tiliis
160 2264 229 2328 suis
242 2263 421 2350 portionem
440 2254 677 2338 hereditariam,
702 2259 877 2327 dummodo
890 2261 1065 2348 dissipator
1077 2261 1235 2326 bonorum
1248 2284 1313 2327 nou

54 2369 194 2451 existat,
216 2369 400 2453 assiguarc3
424 2366 481 2431 scd
504 2387 607 2452 usque
631 2363 673 2430 ad
697 2376 939 2432 mortemsuam
952 2366 985 2430 in
998 2365 1092 2431 bonis
1108 2365 1313 2430 hereditariis

54 2471 322 2557 quibuscumque
335 2469 494 2536 dominari
505 2469 602 2535 debet
625 2479 657 2534 et
681 2491 829 2550 manere:
855 2471 1019 2554 assignata
1033 2468 1210 2536 dumtaxat
1223 2491 1313 2556 pras·

54 2575 159 2640 dictis
174 2573 337 2657 suisfiliis,
362 2576 389 2638 si
413 2573 524 2654 velint,
548 2583 580 2638 et
603 2575 629 2638 si
653 2576 757 2660 ipsam
780 2571 952 2638 habuerint
967 2575 1130 2660 propriam
1141 2576 1313 2656 rationem,

55 2677 148 2742 dotis
172 2675 225 2741 vcl
248 2697 451 2763 quacumque
474 2686 620 2742 materna
642 2678 798 2764 portione,
823 2677 1160 2765 quampostipsorum
1174 2685 1310 2744 matrem

56 2781 191 2846 ratione
213 2781 398 2866 nuptiarum
422 2780 550 2846 sustulit
572 2791 605 2845 et
626 2782 760 2866 recepit.

155 2881 212 2948 VI.
247 2881 460 2950 Declarantcs
491 2886 680 2950 statuimus:
705 2883 802 2965 Quod
833 2885 860 2948 si
890 2885 1063 2969 contigerit
1086 2893 1209 2969 patrem
1232 2906 1305 2950 eum

58 2986 216 3054 secunda
238 3009 341 3052 uxore
373 2985 455 3054 filios
480 3010 545 3054 non
569 2987 700 3071 habere,
737 2987 796 3054 sed
817 2987 910 3071 filias,
936 2987 981 3076 [et
1003 3009 1076 3052 eum
1099 2989 1204 3074 prima
1225 2987 1309 3054 filios

58 3089 234 3158 habuerit:
259 3099 379 3156 extunc
395 3101 520 3158 mortuo
535 3102 625 3178 patre
639 3083 879 3179 praedictorum
891 3113 1076 3178 puerorum,
1101 3113 1176 3178 pers
1199 3091 1308 3178 aliqua

58 3194 229 3262 secundae
245 3195 290 3280 (et
309 3196 356 3260 sic
376 3193 516 3282 dealiis)
542 3196 662 3276 uxoris,
686 3194 770 3260 filias
794 3218 859 3260 non
882 3195 1056 3280 continget,
1069 3194 1138 3285 sed]
1162 3196 1221 3262 filii
1241 3195 1311 3259 sive

55 3299 151 3365 filius
175 3299 298 3386 primae
324 3297 376 3364 vel
399 3297 562 3365 secundae
585 3301 819 3386 cujuscumque
843 3300 954 3364 uxoris
974 3309 1149 3387 superstes,
1183 3323 1311 3368 sorores

55 3408 209 3490 ipsorum
233 3402 397 3468 maritabit
414 3402 513 3490 juxta
536 3413 639 3469 terrae
664 3402 939 3484 cousuetudinem,
970 3407 1136 3489 assignata
1165 3405 1245 3492 ipsis
1279 3406 1311 3470 in

56 3507 210 3596 pecuniis
233 3505 309 3572 dote
321 3509 533 3596 competenti3
557 3505 650 3574 bonis
668 3507 821 3573 maternis
837 3506 1005 3572 dumtaxat
1016 3509 1172 3594 exceptis,
1197 3509 1225 3573 si
1240 3509 1312 3595 ipsa

56 3609 251 3700 praedictae
275 3633 402 3678 sorores
424 3611 605 3698 habuerint,
630 3635 714 3699 quae
737 3633 796 3698 pro
819 3611 899 3698 ipsis
922 3610 1039 3676 cedere
1062 3610 1190 3677 debent
1227 3612 1310 3678 Cum

58 3737 145 3782 vero
170 3715 262 3800 pueri
291 3717 415 3802 primae
448 3715 557 3780 uxoris
588 3719 768 3802 portionem
792 3737 883 3781 suam
908 3714 1075 3800 aequalem
1099 3737 1117 3780 a
1141 3725 1232 3801 patre
1256 3717 1303 3782 eis

61 3827 183 3907 sponte
208 3842 250 3884 ex
274 3817 435 3884 divisione
456 3818 779 3906 perpetua·oblatem
803 3818 1017 3883 obtinuerint:
1040 3827 1116 3884 tune
1139 3821 1243 3906 portio
1262 3843 1309 3886 se-

56 3921 191 3990 cundae
213 3923 325 3988 uxoris
348 3923 423 3988 filiis
446 3933 503 3988 aut
531 3923 660 3989 filiabus
683 3922 801 3988 cedere
824 3921 955 3987 debebit
979 3946 1052 3988 eum
1076 3923 1202 3989 effectu.
1248 3923 1305 3990 Sin

59 4037 177 4094 autem
211 4047 285 4091 cum
316 4025 459 4092 secunda
492 4050 595 4093 uxore
630 4027 712 4092 filias
747 4035 780 4091 et
812 4047 878 4091 non
912 4025 996 4092 filios
1030 4025 1188 4106 babuerit,
1221 4036 1312 4116 patre

59 4140 190 4197 mortuo
222 4139 301 4195 tunc
335 4130 464 4217 utrique
496 4129 555 4195 filii
584 4131 707 4218 primae
744 4129 855 4196 uxoris
891 4151 1016 4195 sorores
1050 4153 1126 4196 suas
1149 4131 1310 4196 secundae

59 4234 187 4316 uxoris,
209 4234 287 4299 lieet
320 4257 339 4299 a
373 4241 464 4320 patre
487 4234 593 4300 adbuc
615 4235 775 4301 existente
809 4233 1017 4300 inhumanis
1053 4236 1215 4321 recipiunt
1236 4257 1309 4322 por·

63 4341 197 4418 tionem,
222 4336 427 4404 maritabunt.

148 4439 224 4506 vss.
261 4439 305 4505 Ut
333 4442 387 4506 via
418 4441 526 4508 dubiis
552 4441 788 4529 praecludatur.
833 4441 1003 4507 Interdum
1032 4439 1309 4527 contingit„filias

61 4551 292 4632 postmortem
316 4545 417 4629 patris
441 4553 588 4611 carentes
611 4545 765 4610 fratribus
789 4545 960 4630 germanis,
992 4546 1026 4608 in
1049 4545 1143 4610 bonis
1162 4544 1309 4610 'heredi—

64 4649 152 4714 tariis
176 4669 355 4730 remanere,
383 4669 464 4734 quas
488 4647 594 4714 solent
615 4649 721 4736 patrui
745 4645 798 4712 vel
822 4649 918 4713 amici
937 4648 1154 4734 proximiores
1179 4648 1309 4714 nomine
