3070 5118
480 459 603 514 xxvur.
629 459 735 512 sarua
758 457 872 511 ostona.
1213 443 1287 516 489

142 659 174 738 5.
198 654 230 720 3.
264 655 299 720 Si
322 652 417 719 fuerit
444 652 496 717 fur
519 651 604 739 apud
626 652 766 739 aliquem
790 649 930 716 nobilem
953 649 1008 716 vel
1030 648 1115 738 apud
1137 647 1287 737 aliquem,

42 761 148 848 cujus
184 768 235 825 ast
257 757 344 841 villa,
367 767 400 823 et
429 756 554 822 dederit
576 779 648 822 eum
671 757 799 820 curiae:
822 755 930 821 omnia
962 754 1046 820 bona
1068 774 1126 818 sua
1148 752 1221 839 sint,
1256 763 1287 818 et

43 864 178 931 collum
202 866 272 952 ejus
295 862 388 929 detur
417 865 450 927 in
472 869 663 948 potestatem
686 859 849 949 principis.

141 1011 174 1090 5.
199 1005 229 1070 4.
264 1003 401 1090 Insuper
431 1003 459 1066 si
488 1001 540 1065 fur
562 1000 686 1087 capitur
714 1001 747 1064 in
770 999 878 1087 aliquo
908 997 978 1065 loco
1002 1010 1034 1065 et
1063 997 1286 1086 suspenditur3

45 1113 168 1177 omnia
202 1132 262 1176 sua
294 1108 452 1195 principis
489 1115 573 1187 sunt,
607 1115 734 1191 praetor
767 1104 886 1190 fruges,
908 1127 991 1192 quae
1020 1102 1126 1170 adbuc
1153 1103 1188 1170 in
1209 1126 1287 1190 agro

40 1221 288 1282 remanserunt.

140 1359 173 1438 5.
196 1356 227 1421 5.
259 1352 340 1418 Item
374 1348 461 1438 quod
484 1350 601 1414 dieitur
624 1349 765 1431 adrolo,
800 1347 861 1414 boc
890 1370 956 1415 non
979 1346 1075 1414 debet
1109 1371 1189 1424 esse,
1222 1349 1286 1415 nisi

43 1459 105 1524 ubi
131 1465 260 1525 constat
276 1455 335 1521 sub
358 1463 445 1521 certo
461 1453 654 1532 testimonio,
678 1477 738 1520 sua
755 1452 841 1519 bona
854 1453 1036 1536 amississe;
1059 1453 1121 1518 nisi
1133 1451 1287 1519 acciderit

45 1567 81 1629 in
106 1563 198 1628 silva
219 1563 270 1628 vel
293 1562 327 1626 in
349 1559 457 1648 aliquo
480 1559 550 1625 loco
574 1565 698 1624 secreto
719 1557 769 1623 uel
792 1557 887 1624 alicui
909 1557 1038 1645 hospiti,
1061 1566 1094 1622 et
1115 1565 1285 1646 antequam

43 1668 252 1749 admittatur,
276 1664 373 1731 debet
394 1665 551 1730 notificari
573 1665 691 1746 euriae,
704 1683 841 1749 quorum
862 1661 1006 1746 interest,
1029 1659 1152 1727 scilicet
1172 1661 1284 1749 judici,

44 1771 229 1839 castellano
252 1792 324 1836 cum
348 1771 473 1835 ceteris.
782 1763 786 1770 ’

139 1917 171 1996 5.
196 1913 225 1978 6.
259 1907 396 1992 Quando
418 1909 533 1996 aliquis
545 1929 667 1996 pauper
687 1907 777 1973 venit
795 1905 836 1972 do
846 1907 977 1995 propria
998 1928 1034 1974 re
1047 1906 1283 1996 conquerendo,

46 2015 193 2104 pallium
215 2015 276 2082 sibi
298 2014 479 2081 nullatenus
503 2011 688 2098 deponatur.

139 2145 171 2224 5.
197 2139 225 2204 7.
258 2135 374 2202 Nullus
404 2119 480 2202 sok
502 2135 641 2222 aliquem
664 2143 793 2200 accuset
822 2135 886 2200 nisi
908 2145 995 2201 certo
1018 2131 1079 2204 sub
1101 2134 1283 2200 testimonio

43 2245 233 2308 uicinorum
244 2249 367 2308 constet
379 2239 419 2306 de
431 2239 570 2327 dampno
583 2261 591 2324 3
615 2250 647 2304 et
668 2237 697 2304 si
718 2237 815 2304 fuerit
828 2238 903 2306 sols
922 2241 1088 2306 convictus
1100 2239 1283 2306 testimonio

47 2349 112 2414 fori
137 2346 330 2427 eommunis,
353 2343 521 2431 lapidetur.

136 2494 168 2574 5.
193 2488 220 2552 8.
253 2485 390 2582 Quande
423 2481 538 2572 aliquis
564 2483 723 2572 judicium
753 2507 855 2572 aquae
886 2483 984 2550 debet
1025 2483 1142 2568 subire,
1176 2482 1282 2550 nullus

46 2617 123 2657 aum
149 2595 322 2680 inaquam
345 2589 484 2654 dimittat
504 2589 566 2654 nisi
590 2587 740 2656 sacerdon
762 2601 794 2654 et
816 2590 886 2676 ejus
909 2597 1107 2678 cooperator.
1145 2586 1282 2654 Sidous

40 2697 171 2783 juverit
194 2717 276 2778 eum,
294 2693 399 2782 judici
423 2691 477 2758 det
500 2693 582 2759 dnos
605 2694 753 2759 denarios
777 2703 809 2758 et
831 2693 989 2759 sacerdoti
1011 2687 1110 2758 XIV.¹
1125 2691 1161 2759 Si
1183 2689 1280 2757 nuda-

48 2803 196 2865 veritae
230 2809 261 2862 et
289 2797 449 2886 judicium
471 2797 610 2864 noluerit
632 2799 750 2881 subire,
784 2795 888 2863 solvat
910 2794 1077 2886 capellano
1099 2795 1165 2862 VH
1186 2796 1279 2861 dena-

45 2904 112 2970 rios
137 2911 173 2969 et
196 2901 323 2967 vetulae
345 2899 435 2966 duos.

135 3047 169 3124 5.
192 3043 222 3106 9.
255 3040 290 3106 Si
320 3041 437 3130 aliquis
460 3040 577 3106 nobilis
599 3041 659 3126 vir,
678 3047 711 3106 et
731 3064 796 3107 non
819 3039 962 3124 drnho,
986 3062 1083 3128 super
1105 3061 1140 3105 se
1161 3037 1279 3105 habue-

44 3149 87 3213 rit
109 3145 265 3212 narolr:
288 3167 368 3232 puer
387 3169 445 3232 pro
467 3147 537 3233 ipso
561 3145 674 3212 subeat
690 3145 860 3234 judicium,
885 3154 916 3210 ot
938 3145 967 3210 si
988 3168 1053 3211 non
1071 3143 1169 3210 suerit
1190 3142 1278 3230 adju-

45 3261 107 3336 tus,
133 3247 242 3314 solvat
263 3271 320 3335 pro
344 3271 383 3314 eo
406 3247 462 3314 00
485 3249 643 3316 denarios.

134 3371 242 3458 510.
276 3371 413 3452 Quando
438 3371 573 3454 ducitur,
608 3371 694 3460 quod
727 3371 844 3438 dicitur
876 3373 1000 3458 arod,
1035 3371 1131 3438 debet
1166 3372 1279 3438 messe

46 3475 219 3542 castellani
240 3477 381 3558 nuntius,
407 3475 528 3564 judicis
551 3484 583 3540 et
605 3475 704 3541 villici
727 3487 759 3542 et
781 3477 958 3562 camerarii,
980 3486 1012 3542 et
1034 3499 1116 3542 unus
1139 3474 1193 3541 vel
1214 3475 1278 3541 duo

46 3579 86 3645 de
110 3580 258 3645 vicinata
277 3579 341 3665 illo,
365 3589 397 3644 et
418 3579 503 3644 ultra
524 3588 589 3645 tres
612 3579 831 3664 conducatur,
856 3581 912 3646 sed
933 3581 967 3644 in
990 3582 1276 3663 tertioremaneat3

47 3694 78 3748 at
108 3687 137 3750 si
162 3683 329 3748 convictus
351 3683 456 3766 suerit,
492 3683 547 3748 CO
571 3684 603 3748 in
625 3705 784 3750 cameram
817 3685 902 3770 regis
925 3683 1039 3750 reddat
1061 3683 1209 3750 denarios
1245 3693 1278 3748 et

46 3786 103 3866 illi,
129 3789 189 3875 qui
211 3787 327 3852 dicitur
348 3788 492 3874 povod,
517 3788 702 3854 satisfaciat.

133 3932 166 4012 5.
190 3927 240 3992 11.
275 3927 311 3992 Si
342 3921 414 4014 quis
448 3951 556 4016 equos,
592 3951 689 4016 equas
723 3928 776 3994 vel
797 3928 907 4014 boves,
937 3951 1053 3995 vaccas
1083 3926 1135 3993 vel
1169 3927 1278 4015 aliqua

46 4035 175 4121 majora
196 4030 411 4098 subtraxerit:
446 4035 606 4120 quantitas
630 4033 738 4098 damni
760 4035 947 4100 aestimetur
968 4032 1028 4099 sub
1051 4042 1139 4098 certa
1159 4031 1223 4098 lide
1246 4041 1277 4098 et

48 4143 251 4202 sacramento
275 4158 396 4220 eorum,
426 4136 542 4226 quibus
559 4135 743 4224 jurisdictio
766 4145 816 4202 est
837 4139 1015 4217 commissa,
1046 4146 1079 4202 et
1101 4135 1277 4203 secundum

50 4237 109 4305 hoo
132 4250 336 4308 accusatores
359 4239 576 4308 admittantur.

132 4367 163 4446 5.
188 4361 239 4426 12.
272 4359 354 4428 Item
377 4363 463 4428 fures
487 4385 560 4428 cnm
582 4367 678 4432 sociis
701 4375 733 4432 at
755 4365 933 4432 fautoribus
947 4387 1056 4432 eorum
1079 4363 1151 4450 pari
1171 4384 1276 4450 poena

48 4467 231 4551 puniantur.

132 4592 162 4670 5.
188 4587 236 4652 13.
269 4585 356 4655 Illud
378 4593 483 4674 etiam,
496 4589 583 4678 quod
606 4591 723 4658 dicitur
745 4591 901 4682 slubny
924 4591 1009 4680 sr'rd,
1030 4589 1171 4658 habeant
1191 4590 1275 4657 inter

97 4711 169 4763 stov.
187 4711 303 4777 sorny.
1027 4701 1075 4770 62
