3070 5118
757 1291 966 1374 XXVI.

557 1457 789 1560 Decreta
831 1454 1088 1558 Breeislai
1121 1455 1166 1568 L

788 1613 946 1714 1039.

330 1856 360 1922 1.
384 1855 457 1921 Hoc
479 1876 587 1921 meum
609 1854 793 1941 proximum
809 1852 1015 1942 (maximum)
1031 1861 1063 1918 et
1077 1853 1215 1942 primum
1238 1855 1280 1919 sit
1301 1853 1472 1923 decretum.

248 1971 283 2026 ut
302 1971 411 2027 restra
432 1956 602 2042 connubia,
632 1979 715 2046 quae
743 1955 897 2023 hactenus
928 1955 1083 2023 habuistis
1105 1967 1140 2023 ιιι
1171 1955 1340 2046 lupanaris
1367 1969 1402 2024 et
1422 1979 1474 2022 ces

245 2065 347 2131 brutis
378 2063 570 2129 animalibus
600 2063 804 2144 communia,
845 2059 961 2127 amodo
989 2061 1087 2149 juxta
1116 2085 1275 2129 canonum
1304 2063 1387 2128 scits
1418 2063 1473 2128 siut

248 2168 402 2254 legitime,
425 2169 491 2232 sint
513 2168 647 2254 privato,
669 2165 735 2232 sint
754 2164 949 2249 insolubilia,
971 2167 1018 2231 ite
1029 2165 1194 2252 duntaxat,
1209 2177 1246 2233 ιιι
1256 2191 1321 2233 uus
1335 2167 1385 2232 vir
1406 2189 1474 2232 con·
1516 2123 1517 2204 l

242 2273 324 2360 juge
347 2281 380 2337 et
401 2273 543 2338 coniunx
564 2271 634 2336 viro
657 2293 720 2337 unc
744 2272 888 2337 contenti
910 2271 1031 2336 rivam.
1517 2223 1518 2312 l

335 2377 365 2441 2.
396 2375 432 2442 Si
454 2383 561 2441 eutem
592 2376 734 2441 coniunx
762 2374 868 2439 virum
898 2383 954 2439 aut
985 2375 1036 2440 vir
1057 2375 1227 2462 conjugem
1258 2376 1430 2463 spreverit,
1451 2385 1477 2438 et

246 2481 319 2546 rixa
340 2481 425 2545 inter
440 2501 495 2546 ecs
510 2501 611 2566 usque
633 2479 675 2544 ad
692 2477 863 2544 discidium
887 2477 1081 2558 efferbuerit,
1104 2479 1160 2567 qui
1177 2481 1279 2545 exeis
1293 2480 1327 2545 in
1344 2485 1477 2566 priorem
1519 2531 1521 2554 ,

246 2584 395 2672 copulam
426 2582 568 2670 legitime
599 2581 794 2649 celebratam
823 2582 929 2648 redire
950 2581 1097 2666 nolucrit,
1129 2581 1213 2663 nolo,
1237 2591 1273 2647 ut
1305 2585 1478 2650 secundnm

245 2691 343 2755 ritum
371 2701 500 2754 nostrae
527 2697 633 2754 terrae
661 2687 758 2774 hujus
786 2687 835 2752 rei
857 2685 1004 2752 violator
1033 2689 1065 2752 in
1089 2689 1275 2753 servitutem
1308 2687 1477 2774 redigetur,
1520 2677 1521 2695 ¹

246 2792 304 2859 sed
326 2794 432 2882 potius
456 2794 556 2859 nostri
579 2789 788 2857 immutabilis
819 2791 940 2857 decreti
962 2814 1021 2879 per
1042 2792 1218 2879 angariam,
1249 2790 1480 2880 qualiscunque

245 2899 288 2965 sit
308 2918 457 2985 persona,
479 2895 644 2982 redigatur
665 2897 697 2962 iu
714 2895 901 2983 Ungarium,
919 2905 955 2962 'et
967 2919 1170 2984 nequaquem
1192 2896 1299 2979 liccat,
1320 2905 1357 2962 ut
1381 2897 1478 2984 pretio

247 3025 282 3068 ae
296 3000 434 3068 redimet
455 3010 512 3068 aut
532 3002 565 3066 in
589 2999 673 3067 benc
694 3011 813 3068 terram
835 3001 957 3084 redeet,
980 3024 1022 3067 ne
1045 3001 1140 3066 unius
1163 3003 1313 3086 conlegio
1335 3000 1480 3066 cvicnlee

246 3116 349 3173 totum
371 3103 492 3172 Christi
515 3115 624 3194 serpet
646 3127 704 3192 per·
727 3103 822 3171 ovile.

332 3211 362 3277 3.
384 3211 507 3277 Eodem
530 3212 690 3276 sententie
712 3211 777 3276 sint
790 3208 980 3298 plectendae
1003 3209 1148 3296 virgines
1165 3219 1197 3276 et
1210 3208 1329 3275 viduse
1341 3217 1378 3274 et
1398 3207 1481 3276 adnl-

245 3327 344 3400 teree,
368 3337 451 3402 quae
473 3337 590 3381 nomen
613 3314 734 3381 bonum
755 3317 919 3381 amississe
942 3322 975 3380 et
989 3313 1144 3402 pudorem
1168 3316 1350 3400 corrupisse
1374 3337 1417 3380 oc
1432 3337 1483 3401 per

246 3429 387 3487 scortum
403 3420 589 3508 concepisse
610 3419 860 3507 dignoscuntur3
884 3441 958 3485 nom
974 3441 1047 3484 cum
1061 3415 1198 3484 liberum
1218 3418 1361 3484 nubendi
1389 3418 1483 3483 habc-

247 3536 303 3590 ent
324 3525 503 3608 arbitrium,
527 3545 583 3588 cur
606 3525 807 3591 committunt
829 3523 1022 3590 adulterium
1045 3533 1078 3588 ct
1099 3531 1273 3610 conceptus
1296 3545 1372 3588 suos
1395 3521 1483 3588 chor·

246 3632 358 3714 tivant,
381 3627 468 3716 quod
490 3635 540 3694 est
560 3629 736 3715 pessimum
760 3626 865 3694 scelus
889 3626 1059 3693 sceleruml

330 3735 361 3799 4.
392 3731 427 3800 Si
450 3754 528 3798 vero
559 3729 675 3797 mulier
705 3729 954 3818 proclamaverit
984 3733 1053 3817 pari
1085 3733 1157 3799 rice
1187 3754 1252 3798 non
1283 3731 1399 3815 emari,
1429 3733 1486 3798 sed

247 3838 457 3904 inclementer
468 3840 568 3903 ariro
592 3857 650 3901 suo
664 3837 766 3922 affligi
781 3846 813 3902 et
831 3835 1012 3924 profligari:
1035 3834 1129 3901 detur
1149 3835 1302 3902 intereos
1319 3835 1484 3923 judicium

251 3941 325 4025 Dei,
348 3955 380 4007 et
402 3942 457 4028 qui
480 3943 629 4007 inventus
652 3941 750 4007 fucrit
771 3963 856 4022 reus,
878 3939 985 4006 solvat
1005 3962 1127 4027 poenes
1149 3941 1206 4006 rei.

332 4045 362 4111 5.
386 4044 541 4111 Similiter
554 4055 587 4110 et
605 4045 646 4110 de
663 4045 722 4128 his,
737 4046 791 4132 qui
809 4043 990 4111 homicidiis
1004 4043 1210 4128 infamantur,
1224 4043 1488 4132 archipresbyter

247 4149 358 4216 comiti
380 4147 465 4214 illius
496 4151 635 4215 civitatis
665 4150 796 4215 nomina
818 4169 928 4215 eorum
959 4147 1120 4215 asscribet
1141 4157 1175 4214 et
1195 4171 1303 4214 comes
1325 4169 1381 4214 cos
1405 4171 1487 4214 eon-

207 4255 210 4260 ’
245 4254 374 4338 veniat3
398 4255 480 4320 etsi
502 4263 577 4318 sunt
597 4250 743 4332 rebelles,
768 4253 802 4316 in
825 4275 987 4319 carcerem
1009 4255 1145 4340 redigat,
1169 4253 1272 4320 donec
1294 4262 1350 4318 aut
1368 4255 1485 4340 poeni·

245 4359 379 4424 tentiam
409 4359 540 4443 dignam
567 4369 675 4443 egent,
707 4365 763 4422 eut
784 4359 814 4423 si
835 4368 964 4444 negant,
999 4360 1100 4444 ignito
1123 4357 1208 4425 ferro
1238 4357 1307 4424 sive
1337 4356 1484 4445 sdjurats

246 4485 340 4550 eque,
363 4471 469 4528 ulrum
493 4460 673 4549 culpabiles
697 4463 770 4546 sint,
795 4464 1028 4529 examinentur.

331 4569 363 4633 6.
386 4567 586 4704 Fpetricidss
609 4577 715 4634 eutem
727 4577 760 4634 et
769 4566 950 4654 parricidas
963 4572 1033 4635 sive
1047 4566 1249 4636 secerdotum
1261 4567 1481 4644 inter-lectores
