3082 5128
244 493 318 568 536
626 509 751 561 XXXIII.
769 507 874 559 Ststute
891 505 1061 559 Wielioonsis
1079 481 1100 562 l.

243 699 383 774 Quilibet
399 709 504 785 potest
526 697 637 762 babere
658 720 749 762 meum
765 709 1007 785 pmomatorem
1022 709 1051 762 et
1066 679 1316 764 interlocutos-em.
1331 702 1367 764 iu
1386 723 1490 764 caneo

693 878 702 896 .
729 826 834 868 eorum
847 803 987 889 jtudieio.

330 936 379 1000 10.
403 935 634 1017 Quisouilibet
656 957 781 1000 summu
803 935 948 1002 defensio
972 945 1098 1000 nonest
1119 935 1319 1022 deneganda,
1343 935 1491 1022 ideoque

242 1043 425 1107 statuimus:
449 1041 544 1122 Quod
564 1042 598 1105 in
605 1039 737 1127 judiciis
755 1043 855 1105 nostri
878 1041 969 1125 regni
986 1039 1122 1126 quilibet
1134 1039 1237 1130 homo,
1251 1042 1492 1128 cujuscumque

241 1149 283 1212 sit
304 1154 405 1211 status
437 1144 489 1212 vel
520 1145 722 1228 conditionis,
757 1153 862 1232 potest
892 1153 924 1210 et
946 1144 1042 1211 debet
1064 1142 1182 1211 habere
1213 1166 1305 1212 suum
1330 1167 1490 1233 procurs-

240 1261 343 1316 torem
367 1259 399 1315 et
420 1250 611 1317 advocatum
634 1251 704 1315 sive
726 1249 973 1338 prolocutorem.

367 1411 420 1476 De
434 1410 612 1497 judicibus,
636 1421 710 1496 quot
732 1409 845 1495 aliqua
868 1421 954 1474 terra
977 1411 1065 1476 debet
1087 1410 1198 1476 babere
1212 1409 1352 1496 judiees.

330 1542 380 1607 11.
427 1539 513 1622 Quia
542 1563 585 1605 ex
614 1539 852 1627 multiplicitate
877 1541 1037 1629 judicum,
1073 1550 1168 1628 prout
1198 1541 1403 1627 experientia
1427 1563 1487 1604 nos

241 1646 380 1730 edocuit,
414 1647 448 1712 in
471 1647 576 1711 causis
599 1667 696 1732 super
726 1645 839 1710 eodem
862 1644 958 1729 facto,
990 1646 1081 1712 vario
1105 1653 1137 1710 et
1159 1643 1379 1712 diversimodo
1418 1644 1488 1732 ple·

239 1773 375 1838 rumque
398 1751 556 1816 sententia
577 1749 809 1837 proferebatur,
846 1759 879 1816 et
899 1749 972 1815 ideo
995 1749 1149 1817 volentes
1165 1759 1289 1816 eertum
1310 1771 1486 1814 numerum

240 1864 380 1922 statuere
391 1854 538 1942 judicum
560 1863 593 1920 et
609 1875 779 1920 ooourrere
791 1854 941 1921 varietati
956 1854 1151 1942 praediotne,
1174 1855 1361 1928 statuimus:
1385 1853 1487 1936 Quod

239 1983 322 2026 unus
344 1961 378 2024 in
400 1958 618 2042 Orsooviensi,
649 1969 681 2024 et
703 1958 784 2024 alter
807 1961 839 2024 in
862 1959 1080 2026 Sodomirensi
1104 1961 1197 2026 terris
1220 1960 1345 2048 judiees
1377 1961 1484 2024 nostri

181 2109 184 2116 -
239 2064 436 2150 habeantur3
459 2067 514 2148 ita,
538 2063 625 2151 quod
648 2063 726 2128 dum
748 2085 807 2130 nos
830 2065 1002 2151 eontigerit
1022 2073 1178 2132 terrarum
1203 2063 1377 2130 eurumdem
1401 2061 1484 2128 limi-

238 2178 288 2235 tes
311 2168 501 2251 subintrare,
524 2167 673 2234 volumus
696 2167 783 2254 quod
802 2167 906 2256 judex
926 2178 959 2234 et
977 2169 1141 2257 subjudex
1156 2178 1271 2252 terrae,
1294 2167 1376 2233 inira
1388 2170 1482 2254 enjus

239 2274 357 2339 limites
381 2273 587 2355 morabimur,
620 2274 653 2336 in
677 2274 769 2338 ouria
789 2283 900 2340 nostra
922 2273 963 2340 de
985 2275 1091 2339 causis
1122 2273 1269 2361 judioure
1291 2283 1323 2338 et
1344 2293 1482 2358 eognos-

239 2400 312 2443 oere
335 2386 515 2444 teneantur.
561 2376 773 2444 Declarantee
796 2387 987 2467 potestatem
1010 2377 1194 2444 eorumdem
1214 2377 1370 2466 judicum,
1394 2378 1482 2465 quod

240 2483 392 2572 deinceps
422 2480 622 2572 quibuslibet
651 2484 756 2548 oausie
787 2485 913 2570 magnis
936 2493 995 2550 eto.
1020 2493 1052 2550 et
1078 2483 1292 2566 hereditariis,
1326 2484 1482 2548 terminos

241 2587 327 2654 ultra
349 2598 414 2652 tres
437 2589 633 2674 septimanas
655 2610 721 2652 non
743 2589 869 2676 possint
890 2610 951 2652 neo
973 2587 1103 2654 valeant
1127 2589 1311 2674 assignare3
1334 2585 1393 2652 sed
1410 2609 1481 2651 euru

239 2693 383 2780 quaestio
406 2691 504 2757 fuerit
530 2691 732 2775 hereditaria,
759 2693 864 2780 judex
891 2693 944 2758 vel
975 2693 1138 2782 subjudex
1161 2692 1296 2759 eundem
1318 2691 1482 2778 quaestio-

238 2820 312 2862 nem
334 2805 482 2863 tenestur
511 2797 605 2863 nobis
628 2796 761 2880 referre,
791 2798 884 2886 eujus
908 2799 1124 2884 oognitionem
1145 2799 1179 2862 in
1203 2804 1314 2862 nostra
1335 2805 1367 2861 et
1388 2793 1480 2859 bero-

238 2925 312 2968 aum
335 2911 518 2968 nostrorum
541 2902 725 2988 praesentio
747 2899 896 2967 volumus
919 2911 951 2967 et
971 2901 1173 2968 decernimus
1195 2900 1397 2990 pertractari,
1420 2899 1480 2964 nisi

239 3005 348 3092 aliquo
370 3005 600 3095 impedimento
623 3005 778 3071 fuerimus
788 3006 986 3094 praepediti3
1010 3017 1042 3073 et
1062 3015 1139 3072 tuno
1155 3029 1214 3072 sex
1235 3005 1287 3072 vel
1311 3003 1354 3071 sd
1374 3004 1480 3070 minus

239 3121 377 3197 quatuor
399 3109 584 3194 baronibus,
618 3133 677 3197 per
708 3133 767 3175 nos
793 3111 898 3198 judici
920 3120 953 3176 et
979 3110 1141 3199 subjudioi
1162 3109 1388 3199 adjungendis,
1411 3109 1480 3194 ipse

234 3217 340 3303 judex
376 3239 444 3281 oum
485 3213 671 3302 subjudice,
702 3237 768 3281 uns
801 3237 874 3282 oum
905 3215 1103 3300 baronibus,
1140 3215 1182 3282 ad
1216 3213 1353 3281 eundem
1386 3233 1471 3299 quse

240 3322 378 3386 stionem
401 3323 471 3387 sive
494 3343 624 3387 eausam
641 3319 867 3387 hereditariam
881 3319 1059 3389 diffiniendi
1086 3331 1118 3388 et
1145 3319 1362 3406 eognosoeudi
1384 3316 1478 3384 habe

244 3433 301 3491 unt
320 3424 515 3491 facultatem.

243 3555 334 3630 Quod
352 3556 523 3643 palatinus
547 3553 761 3622 Crotoniensis
783 3557 1072 3623 etSodomirieusis
1093 3579 1191 3622 seusun
1213 3555 1326 3620 babeat
1341 3553 1480 3641 judicem

790 3661 930 3749 quilibet.

326 3791 375 3856 12.
394 3789 486 3873 Item,
510 3801 546 3857 ut
566 3792 800 3880 pelotinioerto
823 3815 957 3859 numero
975 3791 1125 3880 judicum
1148 3792 1212 3858 sint
1233 3790 1386 3871 contenti,
1419 3797 1476 3852 sn·

237 3897 379 3962 ruimus:
415 3895 512 3977 Quod
534 3897 709 3964 seeundum
746 3905 893 3985 tempora
921 3897 1112 3983 antiquiore,
1144 3894 1306 3982 palatinus
1337 3891 1479 3958 Sodomi-

237 4002 352 4066 riensis
374 4023 450 4086 uno,
491 4009 523 4066 et
544 4000 705 4089 palatinus
730 4001 957 4068 Craooviensis
981 4024 1044 4066 uno
1067 4001 1134 4066 suis
1164 3997 1329 4086 judicibus
1352 4007 1479 4062 eonten-

237 4113 361 4190 tentur;
398 4104 608 4190 declarantes,
638 4105 726 4193 quod
748 4127 806 4193 pro
830 4107 935 4192 eapite
966 4103 1212 4170 castellanorum
1234 4102 1374 4190 judiees,
1407 4101 1471 4188 qui·

236 4207 316 4275 libet
327 4212 360 4275 in
374 4229 433 4275 sua
444 4209 642 4292 castellania,
656 4209 826 4298 judicandi
838 4209 1099 4295 etoognosoendi
1110 4206 1252 4274 habeant
1273 4205 1470 4274 fnotdtstem.

410 4341 548 4407 Judieia
569 4341 678 4406 debeat
701 4341 853 4407 celebrari
874 4341 999 4406 salubri
1020 4351 1119 4405 utente
1141 4349 1171 4404 et
1192 4361 1293 4404 snum.

324 4471 374 4536 13.
409 4472 516 4539 Pravo
538 4473 772 4539 consuetudine
794 4473 939 4537 noscitur
960 4493 1032 4538 esse
1055 4470 1274 4552 observatum,
1298 4466 1387 4554 quod
1409 4466 1475 4532 siue

235 4581 414 4658 temporum
446 4585 478 4639 et
499 4575 568 4640 sine
590 4575 741 4642 horarum
772 4575 954 4642 differentia
976 4585 1008 4640 et
1031 4574 1237 4640 distinetione
1266 4594 1326 4658 per
1343 4569 1471 4659 judiees

229 4673 356 4762 judiois
377 4676 634 4762 celebrabantur,
659 4689 690 4744 et
712 4681 757 4746 ita
778 4679 925 4768 plerique
954 4701 1019 4746 non
1041 4679 1135 4745 aliter
1157 4675 1200 4745 sd
1222 4699 1339 4745 esusas
1362 4675 1471 4742 venie·
