3082 5128
256 436 329 508 566
632 451 754 503 XXXIII.
773 451 877 504 statuta
894 451 1063 504 WislicensIa
1080 451 1101 502 I.

256 661 333 705 casu
372 639 546 706 indiximus
588 639 692 708 eidem
725 642 876 708 Andreae
915 641 1051 730 probare
1086 644 1171 730 prati
1203 643 1427 708 venditionem
1459 657 1486 708 et

254 745 457 830 emptionem.

577 888 626 953 De
648 889 706 952 illo
729 891 784 975 qui
806 888 991 953 uulrwratur
1012 890 1048 952 ia
1069 876 1155 953 ludo.

339 1016 391 1082 99.
426 1016 508 1082 Item
538 1017 710 1085 Bertoldus
739 1028 851 1085 contra
881 1019 1043 1084 Andream
1077 1019 1232 1106 deposuit,
1266 1019 1356 1106 quod
1386 1021 1485 1106 ipsum

251 1120 468 1206 vulnerasset3
502 1123 651 1190 Andreas
674 1124 840 1190 confessus
863 1133 921 1206 eat,
951 1125 1057 1210 ipsum
1080 1121 1267 1188 Bertoldum
1289 1124 1484 1208 vulnerasse,

252 1227 373 1307 dicens,
407 1225 493 1313 quod
519 1225 580 1292 hoc
617 1227 694 1293 iecit
723 1227 835 1294 nolens
864 1230 897 1293 in
929 1225 1005 1292 ludo
1040 1237 1072 1292 et
1101 1227 1288 1308 solatiando,
1324 1239 1484 1314 tamquam

251 1331 357 1394 socius
380 1338 413 1395 et
434 1331 556 1397 amicus
579 1354 651 1398 eum
674 1334 786 1398 amico.
831 1333 909 1416 Nos,
932 1332 1043 1398 audita
1064 1333 1164 1419 ipsius
1186 1331 1339 1398 Andreae
1362 1336 1483 1398 conlas-

251 1435 351 1517 sione,
374 1435 585 1518 attendentes,
608 1437 695 1524 quod
717 1437 810 1504 ludus
833 1459 898 1504 non
921 1437 1017 1504 debet
1038 1461 1074 1504 ae
1092 1436 1268 1503 extendere
1289 1435 1332 1500 ad
1345 1437 1485 1523 aliquam

250 1536 424 1605 laesionem
447 1564 504 1606 seu
528 1541 693 1624 offensam,
727 1544 831 1629 ipsum
856 1540 1020 1609 Andream
1050 1543 1083 1606 in
1105 1542 1162 1608 tali
1184 1563 1260 1608 casn
1284 1541 1485 1606 decrevimus

249 1641 402 1709 Bertoldo
424 1645 465 1710 ad
488 1645 633 1712 vulneris
656 1649 904 1714 satisfactionem
927 1647 1214 1712 condemnandum.

312 1784 361 1849 De
375 1785 565 1870 fidejussore
586 1788 642 1873 qui
662 1810 694 1850 se
717 1789 830 1852 asserit
852 1811 914 1874 per
930 1785 1147 1874 principalem
1168 1786 1337 1850 debitorem
1357 1809 1426 1850 esee

762 1892 966 1980 persolutum.

206 2091 209 2096 ,
338 2022 408 2088 100.
442 2021 595 2089 Nicolaus
618 2021 782 2088 aMatheo
804 2023 964 2088 mutuavit
985 2021 1096 2088 decem
1118 2043 1252 2105 marcas,
1286 2043 1344 2109 pro
1368 2019 1485 2108 quibus

248 2124 458 2194 horontium
485 2126 547 2193 sibi
577 2127 668 2192 dedit
695 2127 936 2214 fidejussorem
969 2135 1003 2192 et
1031 2135 1104 2214 post
1132 2125 1254 2212 aliquot
1283 2125 1364 2205 dies,
1402 2125 1483 2189 idem

244 2228 392 2295 Matbeus
415 2231 541 2298 debitor
567 2233 629 2318 ipsi
651 2230 784 2296 Nicolao
806 2230 969 2313 creditorI,
991 2215 1193 2296 iu'absentie
1204 2229 1373 2294 Laurentii
1405 2229 1478 2292 iide-

241 2334 391 2420 jussoris,
427 2335 562 2402 eandem
583 2337 752 2423 pecuniam
782 2331 947 2423 persolvit,
980 2344 1016 2399 ut
1038 2333 1193 2416 debebat,
1237 2343 1386 2423 tempore
1407 2356 1481 2398 vero

249 2439 454 2523 procedente,
485 2439 670 2526 praedictus
692 2437 845 2505 Nicolaus
867 2438 1007 2504 creditor
1029 2437 1237 2503 Laurentium
1259 2436 1483 2525 fidejussorem

245 2564 304 2627 pro
333 2544 501 2629 praedicta
529 2545 667 2630 pecunia
696 2545 797 2610 traxit
818 2544 859 2609 ad
881 2566 1029 2628 causam3
1064 2551 1095 2608 et
1105 2543 1181 2631 quia
1201 2541 1288 2606 idem
1311 2541 1485 2628 fidejussor

244 2645 410 2732 injudicio
427 2649 617 2712 constitutus
634 2647 807 2731 asserebat,
832 2647 1028 2735 praedictam
1045 2648 1214 2732 pecuniam
1229 2668 1288 2732 per
1302 2645 1483 2732 praefatum

243 2749 410 2815 Matheum
426 2751 601 2818 debitorem
614 2753 687 2839 prin
700 2739 936 2839 cipclemluisse
951 2751 1157 2839 persolutam,
1169 2761 1229 2817 nos
1256 2750 1482 2815 decrevimus:

243 2853 283 2916 In
306 2853 363 2920 tali
386 2877 463 2922 casu
484 2856 684 2942 probandam
707 2855 824 2922 betam
848 2855 1047 2922 solutionem.

331 2995 380 3059 Dc
401 3019 508 3074 umore,
527 2999 618 3083 cujus
638 2997 691 3060 uir
710 2996 849 3080 decmcit,
873 2997 958 3059 circa
980 3017 1068 3081 pacm
1088 3015 1247 3058 reauaoere
1267 2993 1392 3058 deame.

331 3127 402 3192 101.
437 3125 622 3210 Statuimus,
656 3126 743 3216 quod
763 3128 878 3192 marito
901 3135 1026 3192 mortuo
1060 3147 1144 3190 uxor
1164 3126 1251 3189 circa
1272 3123 1481 3189 donationem

244 3240 275 3293 et
288 3228 395 3295 dotem
418 3239 450 3295 et
471 3229 635 3318 quaelibet
650 3230 896 3318 paraphernalia
917 3231 952 3294 in
970 3231 1126 3318 pecuniis,
1148 3229 1293 3315 gemmis,
1316 3227 1481 3314 lapidibus

242 3342 275 3398 ct
297 3335 439 3400 vestibus
462 3335 760 3424 superexstantibus
783 3335 900 3401 debeat
921 3357 1105 3418 remanere3
1127 3335 1200 3420 ipsa
1212 3343 1321 3398 autem
1339 3343 1481 3416 mortua,

242 3437 284 3503 ad
305 3461 434 3525 pueros,
456 3441 483 3504 si
506 3440 594 3528 ipsos
616 3439 774 3525 habuerit,
801 3439 967 3527 praedicta
989 3439 1095 3504 omnia
1118 3437 1355 3518 devolvantur„
1389 3437 1481 3518 Quae

241 3542 364 3627 mulier,
394 3543 543 3609 habendo
572 3567 698 3633 pueros,
734 3546 761 3609 si
792 3544 889 3609 aliurn
930 3545 1036 3608 virum
1067 3542 1224 3629 receperit
1255 3538 1308 3606 vel
1339 3541 1479 3605 voluerit

244 3647 396 3733 recipere,
427 3647 628 3713 decernimus
659 3648 712 3713 vel
741 3648 952 3730 declaramus,
991 3647 1076 3733 quod
1102 3655 1226 3711 tanturn
1269 3643 1311 3708 ad
1346 3646 1480 3710 eosdem

240 3772 357 3836 pueros
380 3753 488 3817 omnia
509 3751 594 3817 bona
615 3750 792 3839 paternalia
813 3751 1022 3838 integraliter,
1045 3773 1117 3816 eum
1135 3749 1198 3815 alia
1220 3759 1309 3836 parte
1330 3749 1477 3835 ipsorum

240 3855 272 3918 in
307 3855 463 3921 diuisione
497 3859 702 3944 contingente
735 3856 952 3945 quorumlibet
985 3857 1143 3920 bonorum
1174 3851 1415 3938 maternalium,
1449 3857 1478 3917 in

240 3958 493 4048 quibuscumque
515 3961 612 4027 rebus
643 3963 828 4044 consistant,
862 3961 986 4048 absque
1015 3958 1124 4046 aliqua
1146 3955 1405 4023 contradictione
1428 3957 1478 4021 de-

240 4061 422 4149 volvantur,
445 4075 479 4130 et
496 4065 537 4130 de
553 4066 617 4131 alia
631 4074 723 4153 parte
746 4065 875 4130 residua
897 4087 1027 4129 suorum
1043 4063 1201 4128 bonorum
1222 4060 1399 4126 medietate
1415 4085 1479 4126 ma-

240 4168 337 4230 ritum
357 4169 503 4258 accipiat,
521 4171 618 4256 juxta
640 4193 731 4234 suam
753 4168 960 4234 voluntatem.

328 4273 399 4337 102.
432 4272 514 4337 Item
542 4273 617 4338 dum
646 4273 754 4361 aliqua
776 4272 946 4340 domicella
973 4273 1148 4356 maritatur,
1181 4270 1240 4334 dos
1263 4291 1322 4334 seu
1343 4267 1478 4335 donatio

238 4376 271 4438 iu
289 4377 426 4462 pecnnia
440 4387 552 4464 parata
565 4378 712 4462 sufficiat,
735 4402 818 4466 quae
833 4379 1058 4464 inpraesentia
1073 4377 1248 4441 amicorum
1271 4373 1476 4458 assignetur:

237 4476 323 4542 bona
343 4503 420 4546 vero
443 4479 635 4546 hereditaria
657 4505 763 4547 coram
795 4484 884 4568 regia
915 4483 1081 4570 majestate
1111 4477 1275 4545 debebunt
1304 4477 1477 4559 assignari.
