<?xml version="1.0" encoding="UTF-8"?>
<!DOCTYPE html PUBLIC "-//W3C//DTD XHTML 1.0 Transitional//EN"
    "http://www.w3.org/TR/xhtml1/DTD/xhtml1-transitional.dtd">
<html xmlns="http://www.w3.org/1999/xhtml" xml:lang="en" lang="en">
 <head>
  <title>
</title>
<meta http-equiv="Content-Type" content="text/html;charset=utf-8" />
  <meta name='ocr-system' content='tesseract 3.04.00' />
  <meta name='ocr-capabilities' content='ocr_page ocr_carea ocr_par ocr_line ocrx_word'/>
</head>
<body>
  <div class='ocr_page' id='page_1' title='image "./svodzkonuvslova00jiregoog/svodzkonuvslova00jiregoog_0550.png"; bbox 0 0 3070 5118; ppageno 0'>
   <div class='ocr_carea' id='block_1_1' title="bbox 412 397 1267 479">
    <p class='ocr_par' dir='ltr' id='par_1_1' title="bbox 412 397 1267 479">
     <span class='ocr_line' id='line_1_1' title="bbox 412 397 1267 479; baseline 0.002 -12"><span class='ocrx_word' id='word_1_1' title='bbox 412 425 421 442; x_wconf 90' lang='lat'><strong>·</strong></span> <span class='ocrx_word' id='word_1_2' title='bbox 454 415 553 468; x_wconf 76' lang='lat' dir='ltr'>xxxi.</span> <span class='ocrx_word' id='word_1_3' title='bbox 572 410 697 479; x_wconf 59' lang='lat' dir='ltr'>mam</span> <span class='ocrx_word' id='word_1_4' title='bbox 715 411 844 467; x_wconf 71' lang='lat' dir='ltr'>cuore».</span> <span class='ocrx_word' id='word_1_5' title='bbox 1193 397 1267 470; x_wconf 82' lang='lat'>503</span> 
     </span>
    </p>
   </div>
   <div class='ocr_carea' id='block_1_2' title="bbox 20 599 1299 3917">
    <p class='ocr_par' dir='ltr' id='par_1_2' title="bbox 20 599 1299 3917">
     <span class='ocr_line' id='line_1_2' title="bbox 23 599 1269 690; baseline -0.002 -22"><span class='ocrx_word' id='word_1_6' title='bbox 23 605 75 670; x_wconf 84' lang='lat' dir='ltr'>.N.</span> <span class='ocrx_word' id='word_1_7' title='bbox 112 603 160 670; x_wconf 90' lang='lat' dir='ltr'>do</span> <span class='ocrx_word' id='word_1_8' title='bbox 197 604 319 690; x_wconf 87' lang='lat' dir='ltr'>justitie</span> <span class='ocrx_word' id='word_1_9' title='bbox 361 623 590 690; x_wconf 85' lang='lat' dir='ltr'>responsurus3</span> <span class='ocrx_word' id='word_1_10' title='bbox 630 600 772 689; x_wconf 88' lang='lat' dir='ltr'>alioquin</span> <span class='ocrx_word' id='word_1_11' title='bbox 805 600 846 666; x_wconf 91' lang='lat' dir='ltr'>ad</span> <span class='ocrx_word' id='word_1_12' title='bbox 884 599 995 667; x_wconf 89' lang='lat' dir='ltr'>domos</span> <span class='ocrx_word' id='word_1_13' title='bbox 1037 599 1269 667; x_wconf 70' lang='lat' dir='ltr'><strong>habitationum</strong></span> 
     </span>
     <span class='ocr_line' id='line_1_3' title="bbox 23 703 1268 791; baseline -0.005 -15"><span class='ocrx_word' id='word_1_14' title='bbox 23 707 250 791; x_wconf 86' lang='lat' dir='ltr'>citandorum,</span> <span class='ocrx_word' id='word_1_15' title='bbox 284 729 392 773; x_wconf 90' lang='lat' dir='ltr'>coram</span> <span class='ocrx_word' id='word_1_16' title='bbox 427 705 559 786; x_wconf 84' lang='lat' dir='ltr'>familia,</span> <span class='ocrx_word' id='word_1_17' title='bbox 591 705 645 772; x_wconf 82' lang='lat' dir='ltr'>rel</span> <span class='ocrx_word' id='word_1_18' title='bbox 685 706 811 789; x_wconf 88' lang='lat' dir='ltr'>vicinis,</span> <span class='ocrx_word' id='word_1_19' title='bbox 844 703 965 772; x_wconf 86' lang='lat' dir='ltr'>familia</span> <span class='ocrx_word' id='word_1_20' title='bbox 1002 705 1084 772; x_wconf 83' lang='lat' dir='ltr'>sorte</span> <span class='ocrx_word' id='word_1_21' title='bbox 1125 705 1268 770; x_wconf 90' lang='lat' dir='ltr'>absente.</span> 
     </span>
     <span class='ocr_line' id='line_1_4' title="bbox 23 807 1268 898; baseline -0.006 -17"><span class='ocrx_word' id='word_1_22' title='bbox 23 819 52 896; x_wconf 90' lang='lat'>5.</span> <span class='ocrx_word' id='word_1_23' title='bbox 81 816 116 880; x_wconf 85' lang='lat'>5.</span> <span class='ocrx_word' id='word_1_24' title='bbox 164 811 332 894; x_wconf 85' lang='lat' dir='ltr'>Similiter,</span> <span class='ocrx_word' id='word_1_25' title='bbox 361 812 390 877; x_wconf 93' lang='lat' dir='ltr'>si</span> <span class='ocrx_word' id='word_1_26' title='bbox 416 819 631 898; x_wconf 89' lang='lat' dir='ltr'>opportunum</span> <span class='ocrx_word' id='word_1_27' title='bbox 664 809 771 894; x_wconf 82' lang='lat' dir='ltr'>fuerit,</span> <span class='ocrx_word' id='word_1_28' title='bbox 799 810 945 877; x_wconf 81' lang='lat' dir='ltr'>citabant</span> <span class='ocrx_word' id='word_1_29' title='bbox 975 811 1009 876; x_wconf 91' lang='lat' dir='ltr'>in</span> <span class='ocrx_word' id='word_1_30' title='bbox 1039 809 1109 875; x_wconf 84' lang='lat' dir='ltr'>loro</span> <span class='ocrx_word' id='word_1_31' title='bbox 1139 807 1268 896; x_wconf 89' lang='lat' dir='ltr'>publico</span> 
     </span>
     <span class='ocr_line' id='line_1_5' title="bbox 21 913 1268 1006; baseline -0.006 -21"><span class='ocrx_word' id='word_1_32' title='bbox 21 917 150 1006; x_wconf 89' lang='lat' dir='ltr'>populo</span> <span class='ocrx_word' id='word_1_33' title='bbox 185 923 362 983; x_wconf 87' lang='lat' dir='ltr'>convocato</span> <span class='ocrx_word' id='word_1_34' title='bbox 392 914 457 983; x_wconf 95' lang='lat' dir='ltr'>loci</span> <span class='ocrx_word' id='word_1_35' title='bbox 485 915 633 1002; x_wconf 80' lang='lat' dir='ltr'>proxime</span> <span class='ocrx_word' id='word_1_36' title='bbox 665 913 854 1002; x_wconf 86' lang='lat' dir='ltr'>adjacentis,</span> <span class='ocrx_word' id='word_1_37' title='bbox 878 915 911 978; x_wconf 94' lang='lat' dir='ltr'>in</span> <span class='ocrx_word' id='word_1_38' title='bbox 934 935 997 1001; x_wconf 87' lang='lat' dir='ltr'>quo</span> <span class='ocrx_word' id='word_1_39' title='bbox 1019 913 1166 980; x_wconf 86' lang='lat' dir='ltr'>citandus</span> <span class='ocrx_word' id='word_1_40' title='bbox 1187 915 1268 1000; x_wconf 89' lang='lat' dir='ltr'>ipse,</span> 
     </span>
     <span class='ocr_line' id='line_1_6' title="bbox 21 1017 1299 1106; baseline -0.002 -22"><span class='ocrx_word' id='word_1_41' title='bbox 21 1022 75 1086; x_wconf 84' lang='lat' dir='ltr'>vel</span> <span class='ocrx_word' id='word_1_42' title='bbox 112 1021 181 1101; x_wconf 90' lang='lat' dir='ltr'>sui,</span> <span class='ocrx_word' id='word_1_43' title='bbox 210 1022 314 1088; x_wconf 83' lang='lat' dir='ltr'>lorum</span> <span class='ocrx_word' id='word_1_44' title='bbox 344 1032 579 1087; x_wconf 88' lang='lat' dir='ltr'>consueverant</span> <span class='ocrx_word' id='word_1_45' title='bbox 611 1019 759 1102; x_wconf 88' lang='lat' dir='ltr'>visitarc;</span> <span class='ocrx_word' id='word_1_46' title='bbox 803 1027 836 1085; x_wconf 91' lang='lat' dir='ltr'>ct</span> <span class='ocrx_word' id='word_1_47' title='bbox 857 1020 885 1084; x_wconf 90' lang='lat' dir='ltr'>si</span> <span class='ocrx_word' id='word_1_48' title='bbox 911 1017 1065 1106; x_wconf 87' lang='lat' dir='ltr'>expedire</span> <span class='ocrx_word' id='word_1_49' title='bbox 1098 1017 1268 1102; x_wconf 88' lang='lat' dir='ltr'>videbitur,</span> <span class='ocrx_word' id='word_1_50' title='bbox 1297 1083 1299 1093; x_wconf 77' lang='grc'>,</span> 
     </span>
     <span class='ocr_line' id='line_1_7' title="bbox 21 1122 1268 1214; baseline -0.003 -23"><span class='ocrx_word' id='word_1_51' title='bbox 21 1127 125 1192; x_wconf 90' lang='lat' dir='ltr'>etiam</span> <span class='ocrx_word' id='word_1_52' title='bbox 145 1124 255 1214; x_wconf 87' lang='lat' dir='ltr'>judici</span> <span class='ocrx_word' id='word_1_53' title='bbox 278 1134 310 1191; x_wconf 91' lang='lat' dir='ltr'>ct</span> <span class='ocrx_word' id='word_1_54' title='bbox 331 1124 458 1192; x_wconf 88' lang='lat' dir='ltr'>duobus</span> <span class='ocrx_word' id='word_1_55' title='bbox 476 1125 594 1212; x_wconf 89' lang='lat' dir='ltr'>juratis</span> <span class='ocrx_word' id='word_1_56' title='bbox 623 1122 702 1189; x_wconf 89' lang='lat' dir='ltr'>dieti</span> <span class='ocrx_word' id='word_1_57' title='bbox 730 1123 792 1188; x_wconf 91' lang='lat' dir='ltr'>loci</span> <span class='ocrx_word' id='word_1_58' title='bbox 814 1125 997 1189; x_wconf 79' lang='lat' dir='ltr'><strong>citationem</strong></span> <span class='ocrx_word' id='word_1_59' title='bbox 1019 1124 1123 1210; x_wconf 88' lang='lat' dir='ltr'>ipsam</span> <span class='ocrx_word' id='word_1_60' title='bbox 1144 1123 1268 1187; x_wconf 88' lang='lat' dir='ltr'>nuntia·</span> 
     </span>
     <span class='ocr_line' id='line_1_8' title="bbox 20 1226 1268 1319; baseline -0.003 -23"><span class='ocrx_word' id='word_1_61' title='bbox 20 1231 106 1296; x_wconf 90' lang='lat' dir='ltr'>bunt</span> <span class='ocrx_word' id='word_1_62' title='bbox 143 1253 208 1319; x_wconf 91' lang='lat' dir='ltr'>pro</span> <span class='ocrx_word' id='word_1_63' title='bbox 242 1229 348 1294; x_wconf 86' lang='lat' dir='ltr'>futura</span> <span class='ocrx_word' id='word_1_64' title='bbox 382 1227 517 1295; x_wconf 73' lang='lat' dir='ltr'>cautela.</span> <span class='ocrx_word' id='word_1_65' title='bbox 563 1233 590 1310; x_wconf 83' lang='lat'>5.</span> <span class='ocrx_word' id='word_1_66' title='bbox 621 1229 651 1292; x_wconf 89' lang='lat'>6.</span> <span class='ocrx_word' id='word_1_67' title='bbox 693 1226 896 1294; x_wconf 86' lang='lat' dir='ltr'>Advenientc</span> <span class='ocrx_word' id='word_1_68' title='bbox 929 1228 1065 1314; x_wconf 88' lang='lat' dir='ltr'>termino</span> <span class='ocrx_word' id='word_1_69' title='bbox 1099 1227 1268 1308; x_wconf 78' lang='lat' dir='ltr'>citationis,</span> 
     </span>
     <span class='ocr_line' id='line_1_9' title="bbox 22 1331 1267 1420; baseline -0.003 -20"><span class='ocrx_word' id='word_1_70' title='bbox 22 1335 176 1401; x_wconf 89' lang='lat' dir='ltr'>bidellus</span> <span class='ocrx_word' id='word_1_71' title='bbox 199 1335 268 1400; x_wconf 88' lang='lat' dir='ltr'>sive</span> <span class='ocrx_word' id='word_1_72' title='bbox 290 1332 401 1400; x_wconf 91' lang='lat' dir='ltr'>bidelli</span> <span class='ocrx_word' id='word_1_73' title='bbox 425 1333 608 1398; x_wconf 71' lang='lat' dir='ltr'>citationem</span> <span class='ocrx_word' id='word_1_74' title='bbox 625 1354 684 1420; x_wconf 85' lang='lat' dir='ltr'>per</span> <span class='ocrx_word' id='word_1_75' title='bbox 704 1353 758 1397; x_wconf 88' lang='lat' dir='ltr'>eos</span> <span class='ocrx_word' id='word_1_76' title='bbox 776 1333 893 1398; x_wconf 89' lang='lat' dir='ltr'>factam</span> <span class='ocrx_word' id='word_1_77' title='bbox 911 1331 1124 1398; x_wconf 86' lang='lat' dir='ltr'>beneficiariis</span> <span class='ocrx_word' id='word_1_78' title='bbox 1143 1331 1267 1396; x_wconf 75' lang='lat' dir='ltr'>orantia·</span> 
     </span>
     <span class='ocr_line' id='line_1_10' title="bbox 22 1434 1268 1520; baseline -0.002 -17"><span class='ocrx_word' id='word_1_79' title='bbox 22 1439 117 1520; x_wconf 91' lang='lat' dir='ltr'>bunt,</span> <span class='ocrx_word' id='word_1_80' title='bbox 153 1447 190 1504; x_wconf 91' lang='lat' dir='ltr'>et</span> <span class='ocrx_word' id='word_1_81' title='bbox 220 1437 411 1504; x_wconf 79' lang='lat' dir='ltr'>relationem</span> <span class='ocrx_word' id='word_1_82' title='bbox 453 1435 619 1503; x_wconf 86' lang='lat' dir='ltr'>decentem</span> <span class='ocrx_word' id='word_1_83' title='bbox 652 1436 780 1520; x_wconf 75' lang='lat' dir='ltr'>faciem,</span> <span class='ocrx_word' id='word_1_84' title='bbox 813 1436 946 1503; x_wconf 89' lang='lat' dir='ltr'>baculos</span> <span class='ocrx_word' id='word_1_85' title='bbox 980 1437 1012 1500; x_wconf 90' lang='lat' dir='ltr'>in</span> <span class='ocrx_word' id='word_1_86' title='bbox 1047 1435 1195 1502; x_wconf 90' lang='lat' dir='ltr'>manibus</span> <span class='ocrx_word' id='word_1_87' title='bbox 1227 1434 1268 1501; x_wconf 90' lang='lat' dir='ltr'>de</span> 
     </span>
     <span class='ocr_line' id='line_1_11' title="bbox 21 1539 1269 1628; baseline -0.003 -20"><span class='ocrx_word' id='word_1_88' title='bbox 21 1565 117 1608; x_wconf 91' lang='lat' dir='ltr'>more</span> <span class='ocrx_word' id='word_1_89' title='bbox 155 1551 331 1628; x_wconf 75' lang='lat' dir='ltr'>gestantes,</span> <span class='ocrx_word' id='word_1_90' title='bbox 353 1541 409 1628; x_wconf 90' lang='lat' dir='ltr'>qui</span> <span class='ocrx_word' id='word_1_91' title='bbox 432 1539 552 1606; x_wconf 88' lang='lat' dir='ltr'>citandi</span> <span class='ocrx_word' id='word_1_92' title='bbox 584 1539 726 1607; x_wconf 87' lang='lat' dir='ltr'>officium</span> <span class='ocrx_word' id='word_1_93' title='bbox 758 1542 804 1606; x_wconf 88' lang='lat' dir='ltr'>eis</span> <span class='ocrx_word' id='word_1_94' title='bbox 834 1542 1038 1606; x_wconf 88' lang='lat' dir='ltr'>commissum</span> <span class='ocrx_word' id='word_1_95' title='bbox 1060 1539 1215 1620; x_wconf 76' lang='lat' dir='ltr'>denotant</span> <span class='ocrx_word' id='word_1_96' title='bbox 1237 1549 1269 1604; x_wconf 87' lang='lat' dir='ltr'>et</span> 
     </span>
     <span class='ocr_line' id='line_1_12' title="bbox 22 1643 1268 1732; baseline -0.003 -21"><span class='ocrx_word' id='word_1_97' title='bbox 22 1647 266 1714; x_wconf 85' lang='lat' dir='ltr'>demonstrant.</span> <span class='ocrx_word' id='word_1_98' title='bbox 310 1651 340 1729; x_wconf 90' lang='lat'>5.</span> <span class='ocrx_word' id='word_1_99' title='bbox 372 1647 401 1712; x_wconf 79' lang='lat'>7.</span> <span class='ocrx_word' id='word_1_100' title='bbox 438 1647 559 1710; x_wconf 82' lang='lat' dir='ltr'>Actora</span> <span class='ocrx_word' id='word_1_101' title='bbox 585 1646 619 1710; x_wconf 91' lang='lat' dir='ltr'>iu</span> <span class='ocrx_word' id='word_1_102' title='bbox 648 1645 783 1710; x_wconf 90' lang='lat' dir='ltr'>termino</span> <span class='ocrx_word' id='word_1_103' title='bbox 816 1653 1029 1732; x_wconf 77' lang='lat' dir='ltr'>comparente,</span> <span class='ocrx_word' id='word_1_104' title='bbox 1054 1643 1140 1732; x_wconf 92' lang='lat' dir='ltr'>quod</span> <span class='ocrx_word' id='word_1_105' title='bbox 1160 1643 1268 1708; x_wconf 86' lang='lat' dir='ltr'>facere</span> 
     </span>
     <span class='ocr_line' id='line_1_13' title="bbox 24 1747 1267 1837; baseline -0.005 -21"><span class='ocrx_word' id='word_1_106' title='bbox 24 1751 126 1816; x_wconf 87' lang='lat' dir='ltr'>debet</span> <span class='ocrx_word' id='word_1_107' title='bbox 171 1772 281 1815; x_wconf 89' lang='lat' dir='ltr'>coram</span> <span class='ocrx_word' id='word_1_108' title='bbox 318 1750 592 1834; x_wconf 83' lang='lat' dir='ltr'>vice-camerario,</span> <span class='ocrx_word' id='word_1_109' title='bbox 628 1749 820 1837; x_wconf 89' lang='lat' dir='ltr'>vioe-judice</span> <span class='ocrx_word' id='word_1_110' title='bbox 857 1771 895 1814; x_wconf 87' lang='lat' dir='ltr'>ac</span> <span class='ocrx_word' id='word_1_111' title='bbox 926 1749 1050 1814; x_wconf 85' lang='lat' dir='ltr'>notario</span> <span class='ocrx_word' id='word_1_112' title='bbox 1084 1758 1115 1813; x_wconf 89' lang='lat' dir='ltr'>et</span> <span class='ocrx_word' id='word_1_113' title='bbox 1152 1747 1267 1812; x_wconf 90' lang='lat' dir='ltr'>ceteris</span> 
     </span>
     <span class='ocr_line' id='line_1_14' title="bbox 23 1850 1265 1940; baseline -0.005 -20"><span class='ocrx_word' id='word_1_114' title='bbox 23 1855 250 1920; x_wconf 86' lang='lat' dir='ltr'>beneficiariis</span> <span class='ocrx_word' id='word_1_115' title='bbox 279 1852 468 1932; x_wconf 89' lang='lat' dir='ltr'>minoribus,</span> <span class='ocrx_word' id='word_1_116' title='bbox 497 1863 529 1918; x_wconf 88' lang='lat' dir='ltr'>et</span> <span class='ocrx_word' id='word_1_117' title='bbox 557 1854 791 1940; x_wconf 89' lang='lat' dir='ltr'>querimoniam</span> <span class='ocrx_word' id='word_1_118' title='bbox 826 1875 916 1918; x_wconf 88' lang='lat' dir='ltr'>suam</span> <span class='ocrx_word' id='word_1_119' title='bbox 949 1873 1006 1939; x_wconf 90' lang='lat' dir='ltr'>por</span> <span class='ocrx_word' id='word_1_120' title='bbox 1029 1873 1063 1917; x_wconf 89' lang='lat' dir='ltr'>se</span> <span class='ocrx_word' id='word_1_121' title='bbox 1085 1851 1138 1917; x_wconf 89' lang='lat' dir='ltr'>vol</span> <span class='ocrx_word' id='word_1_122' title='bbox 1167 1850 1265 1916; x_wconf 87' lang='lat' dir='ltr'>alium</span> 
     </span>
     <span class='ocr_line' id='line_1_15' title="bbox 23 1954 1267 2048; baseline -0.006 -24"><span class='ocrx_word' id='word_1_123' title='bbox 23 1968 243 2048; x_wconf 86' lang='lat' dir='ltr'>proponente,</span> <span class='ocrx_word' id='word_1_124' title='bbox 266 1959 393 2040; x_wconf 89' lang='lat' dir='ltr'>citatus,</span> <span class='ocrx_word' id='word_1_125' title='bbox 417 1962 444 2023; x_wconf 91' lang='lat' dir='ltr'>si</span> <span class='ocrx_word' id='word_1_126' title='bbox 466 1979 618 2044; x_wconf 90' lang='lat' dir='ltr'>praesens</span> <span class='ocrx_word' id='word_1_127' title='bbox 641 1956 746 2039; x_wconf 88' lang='lat' dir='ltr'>fuerit,</span> <span class='ocrx_word' id='word_1_128' title='bbox 769 1958 868 2045; x_wconf 89' lang='lat' dir='ltr'>petito</span> <span class='ocrx_word' id='word_1_129' title='bbox 900 1957 1032 2022; x_wconf 91' lang='lat' dir='ltr'>consilio</span> <span class='ocrx_word' id='word_1_130' title='bbox 1055 1954 1267 2043; x_wconf 82' lang='lat' dir='ltr'>praecedente</span> 
     </span>
     <span class='ocr_line' id='line_1_16' title="bbox 24 2059 1263 2150; baseline -0.002 -21"><span class='ocrx_word' id='word_1_131' title='bbox 24 2067 51 2129; x_wconf 90' lang='lat' dir='ltr'>si</span> <span class='ocrx_word' id='word_1_132' title='bbox 74 2063 233 2146; x_wconf 87' lang='lat' dir='ltr'>voluerit,</span> <span class='ocrx_word' id='word_1_133' title='bbox 256 2061 341 2128; x_wconf 88' lang='lat' dir='ltr'>dicet</span> <span class='ocrx_word' id='word_1_134' title='bbox 361 2083 420 2149; x_wconf 90' lang='lat' dir='ltr'>per</span> <span class='ocrx_word' id='word_1_135' title='bbox 448 2085 482 2127; x_wconf 89' lang='lat' dir='ltr'>sc</span> <span class='ocrx_word' id='word_1_136' title='bbox 504 2061 558 2128; x_wconf 84' lang='lat' dir='ltr'>vel</span> <span class='ocrx_word' id='word_1_137' title='bbox 590 2061 688 2128; x_wconf 88' lang='lat' dir='ltr'>alium</span> <span class='ocrx_word' id='word_1_138' title='bbox 711 2061 752 2126; x_wconf 87' lang='lat' dir='ltr'>sd</span> <span class='ocrx_word' id='word_1_139' title='bbox 776 2060 909 2150; x_wconf 87' lang='lat' dir='ltr'>objecta,</span> <span class='ocrx_word' id='word_1_140' title='bbox 933 2083 1142 2150; x_wconf 89' lang='lat' dir='ltr'>quaecunque</span> <span class='ocrx_word' id='word_1_141' title='bbox 1175 2059 1263 2126; x_wconf 87' lang='lat' dir='ltr'>vide·</span> 
     </span>
     <span class='ocr_line' id='line_1_17' title="bbox 23 2165 1268 2254; baseline -0.005 -20"><span class='ocrx_word' id='word_1_142' title='bbox 23 2169 153 2234; x_wconf 89' lang='lat' dir='ltr'>buntur</span> <span class='ocrx_word' id='word_1_143' title='bbox 192 2165 254 2232; x_wconf 88' lang='lat' dir='ltr'>sibi</span> <span class='ocrx_word' id='word_1_144' title='bbox 286 2176 464 2254; x_wconf 91' lang='lat' dir='ltr'>opportune</span> <span class='ocrx_word' id='word_1_145' title='bbox 500 2165 646 2231; x_wconf 89' lang='lat' dir='ltr'>dicenda.</span> <span class='ocrx_word' id='word_1_146' title='bbox 692 2171 722 2250; x_wconf 84' lang='lat'>5.</span> <span class='ocrx_word' id='word_1_147' title='bbox 754 2167 784 2231; x_wconf 86' lang='lat'>8.</span> <span class='ocrx_word' id='word_1_148' title='bbox 817 2165 880 2230; x_wconf 90' lang='lat' dir='ltr'>Per</span> <span class='ocrx_word' id='word_1_149' title='bbox 910 2186 993 2252; x_wconf 89' lang='lat' dir='ltr'>quae</span> <span class='ocrx_word' id='word_1_150' title='bbox 1015 2166 1042 2230; x_wconf 89' lang='lat' dir='ltr'>si</span> <span class='ocrx_word' id='word_1_151' title='bbox 1065 2187 1128 2230; x_wconf 92' lang='lat' dir='ltr'>non</span> <span class='ocrx_word' id='word_1_152' title='bbox 1151 2165 1268 2252; x_wconf 90' lang='lat' dir='ltr'>poterit</span> 
     </span>
     <span class='ocr_line' id='line_1_18' title="bbox 27 2267 1266 2358; baseline -0.005 -20"><span class='ocrx_word' id='word_1_153' title='bbox 27 2272 187 2354; x_wconf 85' lang='lat' dir='ltr'>evadere,</span> <span class='ocrx_word' id='word_1_154' title='bbox 209 2280 286 2336; x_wconf 89' lang='lat' dir='ltr'>tunc</span> <span class='ocrx_word' id='word_1_155' title='bbox 308 2269 370 2334; x_wconf 90' lang='lat' dir='ltr'>sibi</span> <span class='ocrx_word' id='word_1_156' title='bbox 392 2269 488 2335; x_wconf 86' lang='lat' dir='ltr'>liceat</span> <span class='ocrx_word' id='word_1_157' title='bbox 517 2292 671 2358; x_wconf 89' lang='lat' dir='ltr'>quaerere</span> <span class='ocrx_word' id='word_1_158' title='bbox 693 2270 734 2336; x_wconf 90' lang='lat' dir='ltr'>ab</span> <span class='ocrx_word' id='word_1_159' title='bbox 757 2279 864 2335; x_wconf 88' lang='lat' dir='ltr'>actore</span> <span class='ocrx_word' id='word_1_160' title='bbox 887 2267 927 2334; x_wconf 93' lang='lat' dir='ltr'>de</span> <span class='ocrx_word' id='word_1_161' title='bbox 949 2291 1044 2352; x_wconf 88' lang='lat' dir='ltr'>anno,</span> <span class='ocrx_word' id='word_1_162' title='bbox 1068 2268 1120 2334; x_wconf 93' lang='lat' dir='ltr'>die</span> <span class='ocrx_word' id='word_1_163' title='bbox 1142 2276 1175 2333; x_wconf 91' lang='lat' dir='ltr'>et</span> <span class='ocrx_word' id='word_1_164' title='bbox 1196 2267 1266 2333; x_wconf 91' lang='lat' dir='ltr'>loco</span> 
     </span>
     <span class='ocr_line' id='line_1_19' title="bbox 24 2370 1266 2461; baseline -0.003 -21"><span class='ocrx_word' id='word_1_165' title='bbox 24 2377 152 2453; x_wconf 88' lang='lat' dir='ltr'>damni,</span> <span class='ocrx_word' id='word_1_166' title='bbox 178 2374 264 2461; x_wconf 92' lang='lat' dir='ltr'>quod</span> <span class='ocrx_word' id='word_1_167' title='bbox 296 2373 357 2440; x_wconf 90' lang='lat' dir='ltr'>sibi</span> <span class='ocrx_word' id='word_1_168' title='bbox 388 2373 513 2441; x_wconf 89' lang='lat' dir='ltr'>illatum</span> <span class='ocrx_word' id='word_1_169' title='bbox 544 2376 659 2440; x_wconf 90' lang='lat' dir='ltr'>asserit</span> <span class='ocrx_word' id='word_1_170' title='bbox 687 2397 745 2461; x_wconf 88' lang='lat' dir='ltr'>per</span> <span class='ocrx_word' id='word_1_171' title='bbox 778 2373 924 2456; x_wconf 89' lang='lat' dir='ltr'>eundem,</span> <span class='ocrx_word' id='word_1_172' title='bbox 947 2382 1088 2437; x_wconf 91' lang='lat' dir='ltr'>actorem</span> <span class='ocrx_word' id='word_1_173' title='bbox 1122 2370 1266 2454; x_wconf 79' lang='lat' dir='ltr'>cogendo</span> 
     </span>
     <span class='ocr_line' id='line_1_20' title="bbox 24 2475 1266 2567; baseline -0.004 -22"><span class='ocrx_word' id='word_1_174' title='bbox 24 2481 65 2545; x_wconf 94' lang='lat' dir='ltr'>de</span> <span class='ocrx_word' id='word_1_175' title='bbox 89 2487 185 2546; x_wconf 86' lang='lat' dir='ltr'>certo</span> <span class='ocrx_word' id='word_1_176' title='bbox 208 2477 262 2544; x_wconf 86' lang='lat' dir='ltr'>vel</span> <span class='ocrx_word' id='word_1_177' title='bbox 285 2479 454 2544; x_wconf 90' lang='lat' dir='ltr'>terminato</span> <span class='ocrx_word' id='word_1_178' title='bbox 477 2487 621 2565; x_wconf 89' lang='lat' dir='ltr'>tempore</span> <span class='ocrx_word' id='word_1_179' title='bbox 643 2478 848 2567; x_wconf 89' lang='lat' dir='ltr'>respondere.</span> <span class='ocrx_word' id='word_1_180' title='bbox 876 2484 905 2562; x_wconf 87' lang='lat'>5.</span> <span class='ocrx_word' id='word_1_181' title='bbox 929 2479 958 2542; x_wconf 91' lang='grc'>9.</span> <span class='ocrx_word' id='word_1_182' title='bbox 983 2475 1148 2558; x_wconf 77' lang='lat' dir='ltr'>Quaerere</span> <span class='ocrx_word' id='word_1_183' title='bbox 1171 2477 1266 2541; x_wconf 90' lang='lat' dir='ltr'>ctiam</span> 
     </span>
     <span class='ocr_line' id='line_1_21' title="bbox 24 2581 1266 2672; baseline -0.004 -24"><span class='ocrx_word' id='word_1_184' title='bbox 24 2585 269 2672; x_wconf 81' lang='lat' dir='ltr'>subsequenter</span> <span class='ocrx_word' id='word_1_185' title='bbox 303 2582 399 2648; x_wconf 91' lang='lat' dir='ltr'>liceat</span> <span class='ocrx_word' id='word_1_186' title='bbox 432 2607 451 2648; x_wconf 89' lang='lat' dir='ltr'>a</span> <span class='ocrx_word' id='word_1_187' title='bbox 485 2584 748 2649; x_wconf 88' lang='lat' dir='ltr'>vioe-camerario</span> <span class='ocrx_word' id='word_1_188' title='bbox 784 2592 816 2648; x_wconf 92' lang='lat' dir='ltr'>et</span> <span class='ocrx_word' id='word_1_189' title='bbox 848 2581 1041 2671; x_wconf 89' lang='lat' dir='ltr'>vico-jndice</span> <span class='ocrx_word' id='word_1_190' title='bbox 1073 2589 1206 2656; x_wconf 89' lang='lat' dir='ltr'>tantum,</span> <span class='ocrx_word' id='word_1_191' title='bbox 1240 2581 1266 2644; x_wconf 90' lang='lat' dir='ltr'>si</span> 
     </span>
     <span class='ocr_line' id='line_1_22' title="bbox 25 2683 1265 2774; baseline -0.005 -22"><span class='ocrx_word' id='word_1_192' title='bbox 25 2689 189 2754; x_wconf 91' lang='lat' dir='ltr'>damnum</span> <span class='ocrx_word' id='word_1_193' title='bbox 210 2687 410 2774; x_wconf 82' lang='lat' dir='ltr'>propositum</span> <span class='ocrx_word' id='word_1_194' title='bbox 433 2695 464 2751; x_wconf 90' lang='lat' dir='ltr'>et</span> <span class='ocrx_word' id='word_1_195' title='bbox 486 2696 642 2752; x_wconf 89' lang='lat' dir='ltr'>assertum</span> <span class='ocrx_word' id='word_1_196' title='bbox 667 2686 772 2752; x_wconf 73' lang='lat' dir='ltr'>norat</span> <span class='ocrx_word' id='word_1_197' title='bbox 791 2688 837 2752; x_wconf 92' lang='lat' dir='ltr'>eis</span> <span class='ocrx_word' id='word_1_198' title='bbox 855 2686 940 2751; x_wconf 85' lang='lat' dir='ltr'>infra</span> <span class='ocrx_word' id='word_1_199' title='bbox 957 2694 1079 2751; x_wconf 89' lang='lat' dir='ltr'>certum</span> <span class='ocrx_word' id='word_1_200' title='bbox 1098 2683 1265 2750; x_wconf 88' lang='lat' dir='ltr'>terminum</span> 
     </span>
     <span class='ocr_line' id='line_1_23' title="bbox 24 2787 1261 2878; baseline -0.005 -22"><span class='ocrx_word' id='word_1_201' title='bbox 24 2793 238 2871; x_wconf 72' lang='lat' dir='ltr'>nunciatum,</span> <span class='ocrx_word' id='word_1_202' title='bbox 282 2789 347 2855; x_wconf 90' lang='lat' dir='ltr'>illis</span> <span class='ocrx_word' id='word_1_203' title='bbox 388 2790 673 2878; x_wconf 85' lang='lat' dir='ltr'>respondentibus,</span> <span class='ocrx_word' id='word_1_204' title='bbox 714 2813 808 2878; x_wconf 88' lang='lat' dir='ltr'>quam</span> <span class='ocrx_word' id='word_1_205' title='bbox 849 2789 1041 2877; x_wconf 88' lang='lat' dir='ltr'>reperierint</span> <span class='ocrx_word' id='word_1_206' title='bbox 1083 2787 1261 2852; x_wconf 87' lang='lat' dir='ltr'>veritatem.</span> 
     </span>
     <span class='ocr_line' id='line_1_24' title="bbox 24 2889 1265 2982; baseline -0.005 -22"><span class='ocrx_word' id='word_1_207' title='bbox 24 2901 53 2979; x_wconf 94' lang='lat'>5.</span> <span class='ocrx_word' id='word_1_208' title='bbox 90 2897 146 2960; x_wconf 91' lang='grc'>10.</span> <span class='ocrx_word' id='word_1_209' title='bbox 189 2894 268 2961; x_wconf 89' lang='lat' dir='ltr'>Post</span> <span class='ocrx_word' id='word_1_210' title='bbox 297 2895 475 2981; x_wconf 87' lang='lat' dir='ltr'>praemissa</span> <span class='ocrx_word' id='word_1_211' title='bbox 506 2917 584 2960; x_wconf 89' lang='lat' dir='ltr'>vero</span> <span class='ocrx_word' id='word_1_212' title='bbox 606 2894 646 2959; x_wconf 92' lang='lat' dir='ltr'>ad</span> <span class='ocrx_word' id='word_1_213' title='bbox 669 2895 857 2982; x_wconf 88' lang='lat' dir='ltr'>petitionem</span> <span class='ocrx_word' id='word_1_214' title='bbox 891 2893 979 2959; x_wconf 87' lang='lat' dir='ltr'>citati</span> <span class='ocrx_word' id='word_1_215' title='bbox 1009 2890 1135 2958; x_wconf 88' lang='lat' dir='ltr'>tabulas</span> <span class='ocrx_word' id='word_1_216' title='bbox 1159 2889 1265 2976; x_wconf 86' lang='lat' dir='ltr'>legere</span> 
     </span>
     <span class='ocr_line' id='line_1_25' title="bbox 24 2993 1265 3085; baseline -0.006 -21"><span class='ocrx_word' id='word_1_217' title='bbox 24 3001 146 3082; x_wconf 89' lang='lat' dir='ltr'>debet;</span> <span class='ocrx_word' id='word_1_218' title='bbox 171 3020 307 3085; x_wconf 92' lang='lat' dir='ltr'>quorum</span> <span class='ocrx_word' id='word_1_219' title='bbox 329 3007 440 3063; x_wconf 84' lang='lat' dir='ltr'>tenore</span> <span class='ocrx_word' id='word_1_220' title='bbox 463 2997 666 3085; x_wconf 84' lang='lat' dir='ltr'>discrepante</span> <span class='ocrx_word' id='word_1_221' title='bbox 689 2998 796 3064; x_wconf 82' lang='lat' dir='ltr'>forsan</span> <span class='ocrx_word' id='word_1_222' title='bbox 819 3000 852 3062; x_wconf 93' lang='lat' dir='ltr'>in</span> <span class='ocrx_word' id='word_1_223' title='bbox 874 2996 1014 3062; x_wconf 88' lang='lat' dir='ltr'>dictione</span> <span class='ocrx_word' id='word_1_224' title='bbox 1036 3019 1101 3061; x_wconf 89' lang='lat' dir='ltr'>una</span> <span class='ocrx_word' id='word_1_225' title='bbox 1123 2993 1175 3060; x_wconf 86' lang='lat' dir='ltr'>vel</span> <span class='ocrx_word' id='word_1_226' title='bbox 1197 2993 1265 3081; x_wconf 92' lang='lat' dir='ltr'>pln-</span> 
     </span>
     <span class='ocr_line' id='line_1_26' title="bbox 24 3100 1266 3189; baseline -0.006 -21"><span class='ocrx_word' id='word_1_227' title='bbox 24 3105 121 3170; x_wconf 89' lang='lat' dir='ltr'>ribus</span> <span class='ocrx_word' id='word_1_228' title='bbox 142 3125 164 3168; x_wconf 87' lang='lat' dir='ltr'>a</span> <span class='ocrx_word' id='word_1_229' title='bbox 179 3103 346 3189; x_wconf 89' lang='lat' dir='ltr'>proposita</span> <span class='ocrx_word' id='word_1_230' title='bbox 364 3103 574 3189; x_wconf 87' lang='lat' dir='ltr'>querimonia,</span> <span class='ocrx_word' id='word_1_231' title='bbox 591 3102 631 3168; x_wconf 91' lang='lat' dir='ltr'>de</span> <span class='ocrx_word' id='word_1_232' title='bbox 650 3103 781 3188; x_wconf 85' lang='lat' dir='ltr'>antiqua</span> <span class='ocrx_word' id='word_1_233' title='bbox 800 3101 1030 3167; x_wconf 88' lang='lat' dir='ltr'>consuetudine</span> <span class='ocrx_word' id='word_1_234' title='bbox 1050 3100 1266 3187; x_wconf 84' lang='lat' dir='ltr'>suprascripta</span> 
     </span>
     <span class='ocr_line' id='line_1_27' title="bbox 23 3203 1267 3294; baseline -0.004 -22"><span class='ocrx_word' id='word_1_235' title='bbox 23 3211 140 3274; x_wconf 89' lang='lat' dir='ltr'>statim</span> <span class='ocrx_word' id='word_1_236' title='bbox 167 3205 255 3271; x_wconf 89' lang='lat' dir='ltr'>cadit</span> <span class='ocrx_word' id='word_1_237' title='bbox 275 3215 367 3271; x_wconf 89' lang='lat' dir='ltr'>actor</span> <span class='ocrx_word' id='word_1_238' title='bbox 388 3228 409 3270; x_wconf 87' lang='lat' dir='ltr'>a</span> <span class='ocrx_word' id='word_1_239' title='bbox 431 3228 543 3290; x_wconf 87' lang='lat' dir='ltr'>osusa;</span> <span class='ocrx_word' id='word_1_240' title='bbox 579 3228 673 3292; x_wconf 89' lang='lat' dir='ltr'>quam</span> <span class='ocrx_word' id='word_1_241' title='bbox 697 3213 803 3270; x_wconf 89' lang='lat' dir='ltr'>tamen</span> <span class='ocrx_word' id='word_1_242' title='bbox 826 3204 1001 3294; x_wconf 84' lang='lat' dir='ltr'>paraliam</span> <span class='ocrx_word' id='word_1_243' title='bbox 1023 3203 1157 3270; x_wconf 80' lang='lat' dir='ltr'>formam</span> <span class='ocrx_word' id='word_1_244' title='bbox 1181 3203 1267 3268; x_wconf 90' lang='lat' dir='ltr'>etin</span> 
     </span>
     <span class='ocr_line' id='line_1_28' title="bbox 23 3305 1264 3396; baseline -0.006 -19"><span class='ocrx_word' id='word_1_245' title='bbox 23 3312 98 3377; x_wconf 87' lang='lat' dir='ltr'>alia</span> <span class='ocrx_word' id='word_1_246' title='bbox 122 3309 276 3375; x_wconf 86' lang='lat' dir='ltr'>instantis</span> <span class='ocrx_word' id='word_1_247' title='bbox 298 3318 404 3396; x_wconf 89' lang='lat' dir='ltr'>potest</span> <span class='ocrx_word' id='word_1_248' title='bbox 436 3307 649 3374; x_wconf 86' lang='lat' dir='ltr'>infallibiliter</span> <span class='ocrx_word' id='word_1_249' title='bbox 681 3319 871 3374; x_wconf 86' lang='lat' dir='ltr'>restaurare.</span> <span class='ocrx_word' id='word_1_250' title='bbox 916 3313 946 3392; x_wconf 90' lang='lat'>5.</span> <span class='ocrx_word' id='word_1_251' title='bbox 979 3310 1027 3374; x_wconf 92' lang='lat'>11.</span> <span class='ocrx_word' id='word_1_252' title='bbox 1068 3305 1201 3372; x_wconf 81' lang='lat' dir='ltr'>Tabulis</span> <span class='ocrx_word' id='word_1_253' title='bbox 1234 3307 1264 3370; x_wconf 91' lang='lat' dir='ltr'>in</span> 
     </span>
     <span class='ocr_line' id='line_1_29' title="bbox 25 3408 1266 3501; baseline -0.005 -21"><span class='ocrx_word' id='word_1_254' title='bbox 25 3415 122 3482; x_wconf 91' lang='lat' dir='ltr'>nullo</span> <span class='ocrx_word' id='word_1_255' title='bbox 146 3437 167 3478; x_wconf 91' lang='lat' dir='ltr'>a</span> <span class='ocrx_word' id='word_1_256' title='bbox 188 3414 388 3500; x_wconf 88' lang='lat' dir='ltr'>qucrimonia</span> <span class='ocrx_word' id='word_1_257' title='bbox 409 3412 675 3500; x_wconf 88' lang='lat' dir='ltr'>discrepantibus,</span> <span class='ocrx_word' id='word_1_258' title='bbox 696 3415 851 3479; x_wconf 86' lang='lat' dir='ltr'>terminus</span> <span class='ocrx_word' id='word_1_259' title='bbox 869 3411 1099 3501; x_wconf 73' lang='lat' dir='ltr'>adjutandum</span> <span class='ocrx_word' id='word_1_260' title='bbox 1122 3408 1266 3501; x_wconf 82' lang='lat' dir='ltr'>partibus</span> 
     </span>
     <span class='ocr_line' id='line_1_30' title="bbox 26 3514 1266 3605; baseline -0.005 -21"><span class='ocrx_word' id='word_1_261' title='bbox 26 3521 228 3605; x_wconf 85' lang='lat' dir='ltr'>assignetur.</span> <span class='ocrx_word' id='word_1_262' title='bbox 272 3515 344 3598; x_wconf 79' lang='lat' dir='ltr'>Quo</span> <span class='ocrx_word' id='word_1_263' title='bbox 378 3517 580 3600; x_wconf 87' lang='lat' dir='ltr'>adveniente,</span> <span class='ocrx_word' id='word_1_264' title='bbox 605 3530 713 3603; x_wconf 86' lang='lat' dir='ltr'>partes</span> <span class='ocrx_word' id='word_1_265' title='bbox 746 3519 834 3604; x_wconf 87' lang='lat' dir='ltr'>ipsae</span> <span class='ocrx_word' id='word_1_266' title='bbox 857 3516 997 3582; x_wconf 85' lang='lat' dir='ltr'>debeant</span> <span class='ocrx_word' id='word_1_267' title='bbox 1019 3539 1127 3581; x_wconf 89' lang='lat' dir='ltr'>coram</span> <span class='ocrx_word' id='word_1_268' title='bbox 1149 3514 1266 3580; x_wconf 90' lang='lat' dir='ltr'>benefi-</span> 
     </span>
     <span class='ocr_line' id='line_1_31' title="bbox 26 3613 1264 3708; baseline -0.004 -20"><span class='ocrx_word' id='word_1_269' title='bbox 26 3624 144 3689; x_wconf 86' lang='lat' dir='ltr'>ciariis</span> <span class='ocrx_word' id='word_1_270' title='bbox 167 3621 379 3708; x_wconf 86' lang='lat' dir='ltr'>personaliter</span> <span class='ocrx_word' id='word_1_271' title='bbox 400 3613 594 3687; x_wconf 88' lang='lat' dir='ltr'>intermino</span> <span class='ocrx_word' id='word_1_272' title='bbox 617 3643 802 3708; x_wconf 86' lang='lat' dir='ltr'>comparere</span> <span class='ocrx_word' id='word_1_273' title='bbox 825 3620 907 3686; x_wconf 89' lang='lat' dir='ltr'>infra</span> <span class='ocrx_word' id='word_1_274' title='bbox 927 3629 1054 3707; x_wconf 90' lang='lat' dir='ltr'>tempus</span> <span class='ocrx_word' id='word_1_275' title='bbox 1076 3619 1264 3706; x_wconf 83' lang='lat' dir='ltr'>pulsationis</span> 
     </span>
     <span class='ocr_line' id='line_1_32' title="bbox 25 3717 1264 3814; baseline -0.005 -22"><span class='ocrx_word' id='word_1_276' title='bbox 25 3747 209 3814; x_wconf 79' lang='lat' dir='ltr'>campanae</span> <span class='ocrx_word' id='word_1_277' title='bbox 223 3723 390 3790; x_wconf 87' lang='lat' dir='ltr'>adhoram</span> <span class='ocrx_word' id='word_1_278' title='bbox 412 3725 547 3812; x_wconf 86' lang='lat' dir='ltr'>primam</span> <span class='ocrx_word' id='word_1_279' title='bbox 570 3727 601 3790; x_wconf 90' lang='lat' dir='ltr'>in</span> <span class='ocrx_word' id='word_1_280' title='bbox 626 3737 730 3791; x_wconf 78' lang='lat' dir='ltr'>casuo</span> <span class='ocrx_word' id='word_1_281' title='bbox 746 3725 916 3810; x_wconf 79' lang='lat' dir='ltr'>Pragensi3</span> <span class='ocrx_word' id='word_1_282' title='bbox 938 3717 1002 3810; x_wconf 81' lang='lat' dir='ltr'>qna</span> <span class='ocrx_word' id='word_1_283' title='bbox 1025 3723 1201 3810; x_wconf 87' lang='lat' dir='ltr'>pulsatione</span> <span class='ocrx_word' id='word_1_284' title='bbox 1225 3722 1264 3787; x_wconf 91' lang='lat' dir='ltr'>de</span> 
     </span>
     <span class='ocr_line' id='line_1_33' title="bbox 26 3828 1204 3917; baseline -0.006 -19"><span class='ocrx_word' id='word_1_285' title='bbox 26 3855 120 3898; x_wconf 88' lang='lat' dir='ltr'>more</span> <span class='ocrx_word' id='word_1_286' title='bbox 144 3829 245 3913; x_wconf 86' lang='lat' dir='ltr'>finita,</span> <span class='ocrx_word' id='word_1_287' title='bbox 270 3828 482 3896; x_wconf 85' lang='lat' dir='ltr'>exhibeantur</span> <span class='ocrx_word' id='word_1_288' title='bbox 503 3828 650 3917; x_wconf 87' lang='lat' dir='ltr'>partibus</span> <span class='ocrx_word' id='word_1_289' title='bbox 672 3828 864 3916; x_wconf 86' lang='lat' dir='ltr'>praestanda</span> <span class='ocrx_word' id='word_1_290' title='bbox 887 3829 995 3895; x_wconf 85' lang='lat' dir='ltr'>debita</span> <span class='ocrx_word' id='word_1_291' title='bbox 1011 3831 1204 3917; x_wconf 85' lang='lat' dir='ltr'>juramenta.</span> 
     </span>
    </p>
   </div>
   <div class='ocr_carea' id='block_1_3' title="bbox 199 4020 1095 4107">
    <p class='ocr_par' dir='ltr' id='par_1_3' title="bbox 199 4020 1095 4107">
     <span class='ocr_line' id='line_1_34' title="bbox 199 4020 1095 4107; baseline -0.004 -20"><span class='ocrx_word' id='word_1_292' title='bbox 199 4020 281 4088; x_wconf 82' lang='lat' dir='ltr'><em>CIII.</em></span> <span class='ocrx_word' id='word_1_293' title='bbox 316 4023 365 4086; x_wconf 89' lang='lat' dir='ltr'>Dc</span> <span class='ocrx_word' id='word_1_294' title='bbox 379 4023 562 4106; x_wconf 78' lang='lat' dir='ltr'>juramento</span> <span class='ocrx_word' id='word_1_295' title='bbox 585 4022 620 4084; x_wconf 81' lang='lat' dir='ltr'>in</span> <span class='ocrx_word' id='word_1_296' title='bbox 642 4043 739 4085; x_wconf 80' lang='lat' dir='ltr'>cassa</span> <span class='ocrx_word' id='word_1_297' title='bbox 761 4021 928 4107; x_wconf 79' lang='lat' dir='ltr'>apollinei</span> <span class='ocrx_word' id='word_1_298' title='bbox 949 4023 1095 4106; x_wconf 80' lang='lat' dir='ltr'>rapinae.</span> 
     </span>
    </p>
   </div>
   <div class='ocr_carea' id='block_1_4' title="bbox 25 4140 1266 4664">
    <p class='ocr_par' dir='ltr' id='par_1_4' title="bbox 25 4140 1266 4664">
     <span class='ocr_line' id='line_1_35' title="bbox 116 4140 1265 4248; baseline -0.003 -23"><span class='ocrx_word' id='word_1_299' title='bbox 116 4166 148 4244; x_wconf 87' lang='lat'>5.</span> <span class='ocrx_word' id='word_1_300' title='bbox 186 4162 213 4226; x_wconf 94' lang='lat'>1.</span> <span class='ocrx_word' id='word_1_301' title='bbox 253 4161 435 4228; x_wconf 89' lang='lat' dir='ltr'>Juramcnti</span> <span class='ocrx_word' id='word_1_302' title='bbox 465 4140 600 4226; x_wconf 82' lang='lat' dir='ltr'>formam</span> <span class='ocrx_word' id='word_1_303' title='bbox 630 4183 726 4248; x_wconf 88' lang='lat' dir='ltr'>super</span> <span class='ocrx_word' id='word_1_304' title='bbox 757 4162 862 4227; x_wconf 88' lang='lat' dir='ltr'>causis</span> <span class='ocrx_word' id='word_1_305' title='bbox 886 4159 979 4248; x_wconf 87' lang='lat' dir='ltr'>spolii</span> <span class='ocrx_word' id='word_1_306' title='bbox 1003 4159 1056 4224; x_wconf 90' lang='lat' dir='ltr'>vel</span> <span class='ocrx_word' id='word_1_307' title='bbox 1077 4160 1209 4246; x_wconf 86' lang='lat' dir='ltr'>rapinae</span> <span class='ocrx_word' id='word_1_308' title='bbox 1233 4167 1265 4224; x_wconf 86' lang='lat' dir='ltr'>et</span> 
     </span>
     <span class='ocr_line' id='line_1_36' title="bbox 25 4262 1264 4351; baseline -0.003 -20"><span class='ocrx_word' id='word_1_309' title='bbox 25 4266 79 4332; x_wconf 88' lang='lat' dir='ltr'>bis</span> <span class='ocrx_word' id='word_1_310' title='bbox 102 4262 266 4348; x_wconf 87' lang='lat' dir='ltr'>similium,</span> <span class='ocrx_word' id='word_1_311' title='bbox 290 4263 495 4330; x_wconf 89' lang='lat' dir='ltr'>observatam</span> <span class='ocrx_word' id='word_1_312' title='bbox 510 4265 684 4351; x_wconf 84' lang='lat' dir='ltr'>antiquitus</span> <span class='ocrx_word' id='word_1_313' title='bbox 706 4265 856 4330; x_wconf 88' lang='lat' dir='ltr'>novimus</span> <span class='ocrx_word' id='word_1_314' title='bbox 878 4287 949 4330; x_wconf 86' lang='lat' dir='ltr'>esec</span> <span class='ocrx_word' id='word_1_315' title='bbox 964 4263 1079 4330; x_wconf 87' lang='lat' dir='ltr'>talem:</span> <span class='ocrx_word' id='word_1_316' title='bbox 1102 4262 1264 4328; x_wconf 79' lang='lat' dir='ltr'>Videlicet</span> 
     </span>
     <span class='ocr_line' id='line_1_37' title="bbox 27 4365 1266 4462; baseline -0.005 -26"><span class='ocrx_word' id='word_1_317' title='bbox 27 4378 131 4452; x_wconf 85' lang='lat' dir='ltr'>actor,</span> <span class='ocrx_word' id='word_1_318' title='bbox 149 4369 247 4462; x_wconf 84' lang='lat' dir='ltr'>juxta</span> <span class='ocrx_word' id='word_1_319' title='bbox 270 4367 426 4457; x_wconf 89' lang='lat' dir='ltr'>capellam</span> <span class='ocrx_word' id='word_1_320' title='bbox 457 4368 679 4435; x_wconf 86' lang='lat' dir='ltr'>assistentibus</span> <span class='ocrx_word' id='word_1_321' title='bbox 710 4366 883 4456; x_wconf 87' lang='lat' dir='ltr'>capellanis</span> <span class='ocrx_word' id='word_1_322' title='bbox 911 4367 1054 4433; x_wconf 90' lang='lat' dir='ltr'>adhaec</span> <span class='ocrx_word' id='word_1_323' title='bbox 1085 4365 1266 4454; x_wconf 87' lang='lat' dir='ltr'>specialiter</span> 
     </span>
     <span class='ocr_line' id='line_1_38' title="bbox 28 4470 1264 4559; baseline -0.002 -21"><span class='ocrx_word' id='word_1_324' title='bbox 28 4470 197 4554; x_wconf 86' lang='lat' dir='ltr'>ordinatis,</span> <span class='ocrx_word' id='word_1_325' title='bbox 219 4473 403 4559; x_wconf 86' lang='lat' dir='ltr'>ingrediens</span> <span class='ocrx_word' id='word_1_326' title='bbox 439 4475 508 4559; x_wconf 92' lang='lat' dir='ltr'>ipse</span> <span class='ocrx_word' id='word_1_327' title='bbox 531 4470 752 4558; x_wconf 88' lang='lat' dir='ltr'>personaliter,</span> <span class='ocrx_word' id='word_1_328' title='bbox 777 4471 830 4538; x_wconf 88' lang='lat' dir='ltr'>vel</span> <span class='ocrx_word' id='word_1_329' title='bbox 863 4472 945 4540; x_wconf 89' lang='lat' dir='ltr'>alius</span> <span class='ocrx_word' id='word_1_330' title='bbox 977 4470 1047 4538; x_wconf 92' lang='lat' dir='ltr'>loco</span> <span class='ocrx_word' id='word_1_331' title='bbox 1079 4471 1139 4548; x_wconf 89' lang='lat' dir='ltr'>sui,</span> <span class='ocrx_word' id='word_1_332' title='bbox 1169 4493 1264 4558; x_wconf 93' lang='lat' dir='ltr'>quem</span> 
     </span>
     <span class='ocr_line' id='line_1_39' title="bbox 29 4573 1263 4664; baseline 0 -23"><span class='ocrx_word' id='word_1_333' title='bbox 29 4576 163 4642; x_wconf 83' lang='lat' dir='ltr'>duxerit</span> <span class='ocrx_word' id='word_1_334' title='bbox 184 4573 376 4663; x_wconf 85' lang='lat' dir='ltr'>eligendum,</span> <span class='ocrx_word' id='word_1_335' title='bbox 400 4585 450 4642; x_wconf 90' lang='lat' dir='ltr'>ter</span> <span class='ocrx_word' id='word_1_336' title='bbox 472 4577 661 4643; x_wconf 86' lang='lat' dir='ltr'>informatus</span> <span class='ocrx_word' id='word_1_337' title='bbox 684 4599 741 4664; x_wconf 90' lang='lat' dir='ltr'>per</span> <span class='ocrx_word' id='word_1_338' title='bbox 774 4576 1001 4664; x_wconf 88' lang='lat' dir='ltr'>vioe-judicem</span> <span class='ocrx_word' id='word_1_339' title='bbox 1023 4573 1200 4640; x_wconf 85' lang='lat' dir='ltr'>autolium</span> <span class='ocrx_word' id='word_1_340' title='bbox 1222 4579 1263 4641; x_wconf 88' lang='lat' dir='ltr'>ad</span> 
     </span>
    </p>
   </div>
   <div class='ocr_carea' id='block_1_5' title="bbox 0 0 1540 5118">
    <p class='ocr_par' dir='ltr' id='par_1_5' title="bbox 0 0 1540 5118">
     <span class='ocr_line' id='line_1_40' title="bbox 0 0 1540 5118; baseline 0 0"><span class='ocrx_word' id='word_1_341' title='bbox 0 0 1540 5118; x_wconf 95' lang='lat' dir='ltr'> </span> 
     </span>
    </p>
   </div>
  </div>
 </body>
</html>
