3082 5128
234 477 308 552 596
647 497 757 547 XXXV.
776 497 881 548 Statuta
899 493 1059 550 Warteusia.

232 684 276 749 Et
306 685 384 771 quia
414 683 577 751 multoties
609 683 689 750 tales
713 683 829 750 illiberi
860 709 975 752 manus
1006 685 1210 753 dominorum
1233 709 1369 752 suorum
1395 685 1470 751 suh·

233 787 443 874 terfugientes
467 797 500 854 et
521 788 659 855 evadere
681 788 838 873 volentes,
861 789 948 878 apud
967 787 1090 856 alienos
1102 793 1281 876 terrigenas
1293 793 1471 860 etvicinos.

233 916 332 980 quum
355 892 492 978 fugiunt,
516 903 745 980 pernoctantur
767 903 798 958 et
822 905 999 977 servantur,
1025 895 1116 960 etsie
1140 893 1194 960 tali
1212 894 1469 961 mododominos

233 1019 308 1062 suos
331 1005 559 1084 postponentes
576 1005 608 1062 et
631 997 806 1064 evadentes
825 997 867 1062 ad
891 999 1021 1085 propria
1033 1008 1257 1082 revertuntm3
1281 1023 1322 1064 ex
1335 1021 1471 1086 quorum

233 1103 310 1186 fuga
333 1101 455 1166 domini
477 1125 542 1167 non
564 1101 692 1167 modica
713 1101 831 1168 damna
852 1104 1045 1189 percipiunt,
1068 1126 1108 1169 ac
1131 1105 1158 1170 si
1178 1103 1389 1169 hereditatem
1417 1103 1468 1168 de·

233 1205 416 1294 perderent,
440 1227 539 1293 quum
563 1227 670 1272 servos
692 1205 838 1272 illiberos
862 1207 1021 1290 dominus,
1045 1207 1101 1274 ubi
1125 1208 1204 1292 vult,
1227 1208 1334 1273 locare
1354 1218 1470 1294 potest,

233 1333 351 1376 novam
375 1309 584 1376 hereditatem
615 1333 675 1397 per
696 1311 785 1398 ipsos
812 1311 977 1396 erigendo.
1012 1311 1117 1395 Unde,
1149 1313 1176 1377 si
1200 1311 1280 1376 tales
1301 1312 1341 1376 de
1364 1323 1470 1376 cetero

232 1413 319 1501 apud
341 1412 483 1500 aliquem
506 1414 779 1501 pernoctabuntur
812 1426 843 1481 et
865 1416 1089 1499 servabuntur,
1113 1416 1198 1481 idem
1222 1416 1351 1482 eosdem
1374 1413 1471 1480 debet

233 1520 382 1602 retinere,
406 1532 439 1584 et
471 1520 504 1583 in
527 1518 617 1584 curia
638 1519 828 1606 proximiori
839 1520 927 1606 regis
940 1520 1119 1607 protestari,
1143 1520 1231 1606 quod
1244 1519 1468 1585 haherettales

232 1631 374 1688 retentos
399 1633 431 1688 et
454 1631 611 1688 servatos.
655 1623 751 1705 Quod
781 1626 809 1689 si
838 1623 893 1689 ille
923 1624 1031 1689 facere
1059 1623 1235 1707 obmiserit,
1270 1633 1302 1689 et
1322 1623 1468 1688 dominus

233 1728 320 1791 servi
342 1749 401 1812 per
423 1737 521 1792 testes
544 1728 805 1816 comprobaverit
827 1737 939 1793 contra
961 1727 1076 1814 ipsum,
1098 1727 1187 1814 quod
1206 1727 1467 1794 illumiiliberum

233 1833 281 1896 ric
312 1853 378 1896 non
401 1841 611 1919 protestatum
635 1833 835 1898 servaverit:
869 1831 1007 1898 eundem
1030 1829 1191 1898 illiberum
1215 1832 1354 1915 domino,
1379 1835 1467 1919 cujus

233 1935 339 2020 fuerit,
362 1934 489 2002 solvere
511 1936 683 2020 tenebitur,
709 1959 782 2001 cum
806 1957 909 2024 poena
931 1935 1006 2002 XV.

319 2039 449 2106 XXXI.
486 2039 541 2105 Ad
561 2039 833 2127 praecludendam
857 2041 943 2105 viam
968 2040 1231 2124 fraternitatibus,
1245 2063 1327 2127 quas
1343 2039 1465 2106 mecha·

234 2143 298 2208 uici
321 2145 488 2210 civitatum
513 2143 696 2228 observant,
728 2144 915 2210 statuimus:
951 2141 1046 2223 Quod
1068 2142 1240 2230 palatinus,
1275 2145 1465 2232 capitaneus,

233 2269 307 2312 cum
329 2245 401 2312 aliis
425 2247 606 2332 dignitariis
630 2259 733 2313 terrae
757 2246 853 2330 iliius,
878 2247 1015 2333 singulis
1036 2249 1128 2312 annis
1151 2251 1185 2312 in
1207 2249 1369 2330 certadie,
1383 2271 1463 2312 men-

234 2373 326 2417 suras
348 2360 414 2416 tam
437 2351 681 2436 frumentorum,
706 2375 801 2440 quam
825 2375 1005 2440 pannorum
1037 2362 1068 2417 et
1090 2350 1227 2417 aliarum
1244 2375 1351 2417 rerum
1374 2363 1464 2417 terre·

235 2457 358 2539 strium,
382 2477 466 2542 quae
489 2456 532 2521 ad
557 2455 627 2522 fora
649 2480 709 2544 per
730 2455 900 2522 harretones
923 2454 1191 2532 adducuntur,et
1211 2478 1295 2542 quae
1317 2458 1350 2521 in
1371 2479 1464 2542 regno

232 2567 342 2624 nostro
366 2559 584 2641 inveniuntur,
609 2561 713 2647 pretia
734 2561 913 2642 instituere,
941 2560 1085 2627 indicere
1109 2569 1143 2625 et
1165 2561 1330 2645 corrigere
1341 2559 1462 2642 debent,

227 2663 326 2751 juxta
356 2663 622 2730 consuetudinem
653 2664 772 2730 diutius
803 2664 1022 2747 observatam,
1045 2687 1087 2728 ne
1110 2665 1198 2728 circa
1221 2663 1351 2729 easdem
1373 2687 1461 2728 men·

231 2789 323 2832 suras
353 2777 385 2834 et
414 2771 518 2855 pretia
545 2769 675 2835 fraudes
698 2793 761 2836 non
785 2773 1034 2835 committantur.
1078 2767 1172 2833 Etsi
1195 2767 1459 2854 ampliuscontra

232 2871 316 2937 hanc
338 2873 571 2940 institutionem
594 2881 748 2957 nostram,
780 2873 886 2939 dietae
909 2873 1126 2939 fraternitates
1149 2873 1183 2937 in
1215 2870 1460 2959 quibuscumque

236 2975 421 3042 civitatibus
435 2977 553 3042 nostris
574 2977 660 3042 inter
678 2977 883 3043 mechanicos
900 2979 1119 3042 invenientur:
1138 2985 1216 3041 tunc
1227 2973 1273 3041 illi
1285 2975 1461 3052 mechanici,

232 3083 316 3146 inter
348 3103 428 3168 quos
451 3079 524 3147 talis
547 3081 730 3146 fraternitas
753 3080 850 3147 fuerit
872 3091 1015 3167 reperta,
1053 3102 1189 3167 poenam
1219 3077 1461 3144 szcdmadsssczo

231 3183 534 3273 videlicetquatuor
555 3185 667 3250 decem
693 3205 827 3266 marcas,
851 3207 998 3250 camerae
1022 3195 1150 3249 nostrae
1173 3181 1405 3270 applicandam,
1427 3203 1458 3244 sc

233 3291 384 3356 noverint
405 3291 600 3357 incursuros.
