3082 5128
225 367 298 438 576
596 379 722 432 XXXIV.
741 377 847 429 Slatuta
866 375 1035 430 Wisliceusia
1052 377 1083 429 Il.

222 569 384 657 patrueles
408 568 552 635 cuilibet·
563 569 666 634 sorori
677 567 739 634 LX
752 589 878 634 marcas
889 567 1015 634 solvere
1029 577 1206 650 teneantur,
1226 571 1254 634 si
1267 568 1388 635 multae
1402 569 1463 632 sint

222 677 452 761 possessiones,
476 684 511 738 ut
524 674 719 761 praefertur3
748 674 775 738 si
788 695 866 738 uero
878 696 1011 761 paucae,
1034 673 1090 738 fiat
1112 676 1292 740 aestimatio
1306 685 1341 740 ut
1357 697 1461 762 supra,

222 789 254 844 et
275 802 350 866 pars
373 782 563 866 contingens
587 781 719 846 cuilibet
735 781 837 845 sorori
861 781 893 844 in
915 780 1053 865 pecunia
1075 780 1266 865 assignetur.
1291 779 1461 844 Fratribus

222 885 355 949 uterinis
379 907 435 949 seu
456 884 657 972 patruelibus
680 907 745 950 non
769 883 992 976 existentibus,
1025 882 1172 970 quilibet,
1206 883 1325 971 quide
1349 883 1459 950 eadem

221 991 517 1074 consanguineitate
548 991 725 1077 proximior
748 991 868 1071 existit,
900 1010 1066 1076 quousque
1091 1009 1225 1054 sorores
1258 1010 1321 1052 non
1345 988 1460 1053 hrerint

222 1095 423 1180 matrimonio
458 1093 638 1182 copulatae,
683 1093 899 1183 hereditates,
922 1097 991 1158 sive
1027 1115 1068 1158 ex
1102 1094 1307 1158 successione
1329 1103 1461 1180 paterna

223 1223 279 1264 seu
294 1221 494 1287 quocumque
514 1199 609 1264 modo
628 1198 692 1265 alio
713 1198 891 1266 debeantur
904 1197 1034 1281 eisdem,
1054 1196 1161 1264 valeat
1172 1198 1337 1284 possidere
1363 1198 1460 1286 atqud

221 1306 318 1370 etiam
341 1305 523 1370 vendicare.
562 1304 782 1386 Declarantcs,
807 1303 892 1390 quod
916 1312 1006 1390 pater
1028 1303 1062 1366 iu
1085 1305 1154 1368 vita
1176 1326 1235 1368 sua
1245 1301 1372 1370 filiabus
1392 1305 1457 1370 suis

222 1411 323 1496 possit
334 1409 420 1475 bona
431 1419 539 1496 empta
550 1431 606 1474 seu
615 1410 713 1474 etiam
725 1432 742 1472 e
754 1409 844 1494 regia
857 1407 1028 1474 donatione
1042 1405 1172 1474 oblenta
1183 1409 1365 1494 assignare3
1378 1433 1457 1495 quae

221 1524 329 1581 autem
342 1515 528 1601 superstites
552 1514 671 1578 fuerint
681 1515 856 1599 portiones,
874 1512 989 1578 fratres
1002 1513 1168 1579 sororibus
1180 1515 1212 1578 in
1225 1515 1363 1601 pecunia
1372 1517 1453 1578 assi-

221 1619 368 1706 gnabunt
391 1630 422 1684 et
446 1618 505 1684 soli
519 1617 713 1684 hereditates
726 1617 927 1684 obtinebunt.
950 1617 1145 1684 Filiaevero
1168 1621 1201 1684 in
1215 1620 1455 1704 vitaparentum

222 1725 358 1789 traditae
375 1722 579 1811 copulationi,
603 1723 694 1788 fratri
717 1723 843 1787 uterino
868 1744 924 1786 seu
938 1721 1074 1808 patrueli
1086 1747 1144 1812 pro
1157 1724 1232 1789 dote
1254 1723 1456 1810 suaaliquam

221 1829 443 1915 quaestionem
465 1849 596 1892 movere
617 1849 680 1891 non
694 1827 850 1912 poterint3
875 1850 949 1893 nam
977 1815 1159 1912 contentari
1182 1827 1354 1902 debebunt,
1375 1827 1455 1914 quod

222 1941 372 2020 parentes
386 1932 464 2018 ipsis
486 1933 632 1997 viventes
644 1953 701 2018 pro
714 1928 789 1997 dote
803 1933 852 1996 sui
865 1941 1029 2018 compotes
1042 1931 1240 2017 suutlargiti.
1255 1932 1453 2019 Adjicientes,

222 2037 309 2124 quod
322 2036 473 2102 fratribus
486 2037 620 2122 mortuis
638 2059 694 2102 seu
712 2059 774 2102 non
787 2036 1009 2116 existentibus,
1023 2035 1108 2101 tiliae
1122 2035 1453 2124 hereditatemaliqua-

223 2141 295 2206 liter
315 2164 378 2205 non
390 2141 573 2222 succedant,
597 2141 654 2206 sed
670 2151 896 2206 contestentur
914 2141 954 2208 de
974 2140 1048 2205 doto
1068 2142 1114 2206 eis
1130 2141 1256 2223 tradita,
1269 2143 1453 2228 utsupcrius

223 2246 413 2328 continetur,
428 2255 459 2309 et
469 2246 682 2332 proximiores
699 2247 745 2310 eis
763 2269 827 2310 non
841 2245 998 2312 datadote
1011 2246 1133 2312 eisdem
1148 2244 1379 2310 hereditatibus
1390 2267 1452 2308 suc-

223 2351 348 2416 cedant.
381 2349 479 2416 Salvo
496 2372 584 2433 vero,
604 2351 689 2436 quod
708 2350 830 2416 dictum
853 2359 902 2414 est
924 2350 964 2415 de
979 2348 1212 2416 hereditatibus
1236 2349 1387 2434 emptitiis
1407 2349 1453 2412 uel

223 2457 319 2522 ctiam
332 2454 511 2536 deservitis,
531 2454 646 2541 quibus
670 2454 755 2520 tiliae
773 2454 959 2535 succedant,
982 2453 1041 2519 sed
1052 2456 1267 2543 proximiores
1278 2454 1392 2519 fratres
1412 2455 1452 2518 eis

223 2559 390 2646 pecuniam
414 2559 588 2646 assignent,
626 2571 657 2623 et
681 2558 740 2624 soli
770 2559 982 2625 hereditatem
1014 2557 1209 2626 hereditarie
1242 2569 1452 2647 assequantur.

222 2665 265 2730 Et
285 2661 492 2750 prohibemus
523 2663 652 2728 omnino
677 2664 763 2752 quod
785 2661 870 2728 filiae
893 2667 926 2728 in
949 2663 1183 2728 hereditatibus
1206 2685 1290 2750 quae
1309 2665 1453 2750 precatae

223 2767 383 2850 dicuntur,
403 2789 467 2832 non
487 2767 680 2850 succedant;
703 2768 759 2833 ubi
780 2773 857 2834 vero
869 2767 969 2855 aliqui
987 2770 1056 2833 sine
1068 2767 1158 2855 prole
1171 2767 1379 2850 decesserint,
1390 2789 1451 2854 pro·

223 2875 377 2938 ximiores
390 2873 532 2958 ipsorum
546 2872 738 2937 hereditates
751 2871 916 2938 obtineant
928 2881 959 2938 et
981 2873 1060 2960 ipsis
1083 2875 1115 2938 in
1139 2872 1261 2939 eisdem
1282 2871 1452 2938 succedant

310 2977 376 3056 (18.
401 2977 577 3043 Statuimus
593 2977 705 3041 ctiam:
729 2977 825 3058 Quod
843 2985 1013 3064 postquam
1036 2976 1153 3064 aliquis
1175 2989 1357 3042 nostrorum
1374 2975 1452 3042 nobi-

225 3081 302 3146 lium
329 3080 428 3147 filiam
451 3103 541 3146 suam
566 3082 679 3146 vivens
703 3082 817 3168 nuptui
839 3081 1016 3162 tradiderit,
1048 3091 1080 3146 et
1104 3084 1211 3146 dotem
1234 3080 1297 3146 sibi
1319 3082 1451 3168 assigna·

225 3187 306 3250 verit
328 3194 573 3272 competentem,
605 3187 675 3272 ipso
699 3185 859 3268 defuncto,
884 3184 998 3252 eadem
1021 3185 1115 3271 plura
1137 3187 1169 3250 in
1193 3185 1346 3251 fratribus
1369 3207 1450 3272 repc-

223 3303 290 3356 tcre
314 3313 379 3356 non
412 3293 537 3377 poterit.
584 3289 619 3354 si
649 3313 727 3354 vero
757 3300 848 3378 patre
877 3301 1014 3372 mortuo,
1048 3290 1115 3354 filia
1145 3287 1198 3354 vel
1224 3288 1310 3354 filiae
1338 3313 1450 3354 reman-

223 3399 324 3462 serint
345 3396 509 3482 innuptae,
537 3395 562 3458 si
586 3393 653 3459 filia
675 3394 770 3460 fuerit
795 3395 931 3482 palatini
954 3391 986 3458 e't
1008 3396 1228 3482 possessiones
1251 3393 1372 3460 multae
1394 3395 1450 3460 suc·

223 3503 295 3584 rint,
327 3500 432 3566 cidem
455 3507 582 3564 centrum
606 3521 734 3564 marcae
758 3522 815 3577 pro
839 3501 912 3564 dote
934 3522 994 3585 per
1016 3499 1130 3564 fratres
1152 3500 1377 3586 assignentur3
1406 3497 1450 3562 ubi

222 3629 299 3672 vero
323 3605 542 3692 possessiones
564 3626 686 3690 paucae
717 3613 748 3668 et
775 3603 860 3669 filiae
882 3603 1013 3687 multae,
1036 3603 1089 3668 vel
1113 3627 1177 3669 una
1197 3603 1370 3684 hereditas,
1402 3603 1449 3667 liat

222 3711 402 3776 aestimatio
422 3710 454 3774 in
475 3706 594 3792 valore,
619 3718 650 3772 et
672 3730 747 3794 pars
770 3709 960 3794 contingens
983 3707 1115 3774 cuilibet
1137 3709 1239 3774 sorori
1262 3731 1322 3796 per
1333 3709 1449 3774 fratrent

223 3817 351 3880 nomine
376 3812 511 3878 dotalitii
534 3813 568 3878 in
590 3814 728 3900 pecunia
750 3812 961 3898 persolvatur.
1000 3813 1042 3876 Et
1063 3813 1150 3880 idem
1169 3814 1397 3878 sententiamus
1417 3810 1448 3874 de

224 3918 351 3984 liliabus
374 3918 559 3984 inferiorum
574 3917 729 3984 nobilium
752 3941 771 3980 a
793 3916 944 4004 palatino,
966 3917 1060 4006 quod,
1084 3940 1156 3982 eum
1180 3941 1235 3982 eas
1258 3917 1292 3982 iu
1315 3918 1382 3983 vita
1398 3925 1446 3978 tra·

223 4023 362 4090 diderint
385 4023 518 4104 maritis,
542 4021 616 4088 dote
640 4021 785 4086 similiter
808 4021 929 4088 eisdem
942 4023 1136 4110 competenti
1149 4023 1322 4108 assignata,
1346 4021 1446 4110 quibus

223 4128 263 4194 de
286 4129 347 4194 hac
370 4127 440 4192 luce
461 4124 605 4210 sublatis,
637 4125 790 4192 fratribus
820 4128 1042 4214 quaestionem
1066 4149 1194 4192 movere
1217 4149 1281 4192 non
1304 4128 1446 4214 poterint3

223 4235 337 4302 fratres
360 4255 437 4298 vero
460 4233 578 4298 uterini
600 4231 732 4296 cuilibet
754 4235 856 4298 sorori
879 4241 998 4318 nuptae
1022 4231 1094 4309 LX¹
1119 4253 1244 4298 marcas
1267 4231 1393 4298 solvere
1413 4239 1447 4294 tc·

223 4347 366 4421 reantur,
389 4337 416 4402 si
438 4337 657 4424 possessiones
680 4346 755 4401 stunt
769 4346 898 4421 multae,
924 4347 959 4402 ut
980 4337 1176 4425 praefertur;
1200 4337 1227 4401 si
1240 4357 1447 4424 veropaucae,

222 4443 279 4507 tiat
310 4442 499 4522 aestimatio,
538 4451 572 4506 ut
602 4463 709 4528 supra,
744 4451 776 4506 et
810 4465 884 4528 pars
920 4444 1109 4528 contingens
1141 4441 1274 4506 cuilibet
1305 4441 1404 4507 sorori
1423 4439 1446 4501 in

224 4546 360 4630 pecunia
381 4567 439 4629 per
461 4545 576 4610 iratres
600 4542 797 4612 exsolvatur.
844 4546 1011 4612 Fratribus
1035 4569 1112 4612 vero
1134 4547 1266 4612 uterinis
1303 4568 1366 4611 non
1394 4543 1446 4608 exi-
