3082 5128
1311 20 1531 239 *l

252 608 302 664 est
324 600 502 682 convictus,
531 607 588 666 aut
618 600 740 670 intrem
771 600 883 668 villam
905 602 1042 690 alicujus
1075 601 1241 669 excederit
1263 604 1444 670 enormiter
1463 607 1495 670 in

253 704 376 770 eadem.
411 703 545 789 Ultimo,
570 704 698 792 quando
729 708 800 793 quis
831 707 1045 791 convincitur,
1068 704 1156 794 quod
1178 704 1315 794 spolium
1336 708 1372 774 in
1393 716 1496 774 enam

252 807 393 896 publiea,
417 831 475 876 een
490 808 687 895 violentiam,
710 821 767 876 aut
784 809 1019 878 inhonestatem
1042 810 1181 898 aliquam
1206 813 1409 878 committere
1432 835 1495 878 non

256 915 398 1000 expavit
453 913 493 980 In
537 913 681 1001 quolibet
728 937 860 982 casuum
900 917 1151 1004 praemissorum
1193 916 1264 1004 ipse
1297 916 1489 1005 delinquens

250 1037 356 1105 poena
376 1017 609 1084 sedandzcacrrtll
630 1018 816 1108 hujusmodi
839 1021 1086 1106 constringatur.

336 1121 388 1189 35.
405 1121 598 1190 Stetuimus:
622 1123 769 1206 Quodsi
791 1123 908 1212 aliquis
926 1147 1034 1192 eoram
1046 1125 1141 1193 nobis
1163 1125 1217 1192 vel
1239 1133 1349 1192 nostro
1371 1126 1488 1214 capite·

249 1248 309 1294 noo
322 1226 430 1314 aliquo
443 1226 485 1293 de
496 1225 654 1293 maleficio
666 1237 847 1312 accusatus,
871 1228 913 1296 ad
923 1228 1156 1296 ostendendum
1170 1231 1489 1314 suaminnocentiam

249 1353 358 1398 coram
380 1331 475 1398 nobis
497 1330 552 1398 vol
573 1333 742 1418 capitaneo
765 1341 875 1399 nostro
897 1330 1059 1400 admissus
1081 1356 1147 1400 non
1168 1335 1273 1420 tuerit,
1308 1344 1341 1400 et
1362 1334 1404 1400 ob
1427 1333 1487 1400 hoc

249 1438 355 1524 ipsum
376 1435 463 1502 vello
483 1435 597 1523 fugere
619 1435 801 1523 contingat,
838 1459 880 1502 ue
915 1436 977 1504 sibi
1010 1438 1088 1524 fuga
1118 1439 1219 1525 ipsius
1252 1439 1294 1506 ad
1324 1437 1486 1505 infamiam

252 1543 444 1628 imputetur:
487 1539 585 1607 debet
611 1563 722 1607 coram
744 1539 924 1608 venerabili
946 1541 1077 1608 domine
1101 1545 1253 1632 episcopo
1275 1543 1484 1610 Poznaniensi

248 1654 304 1711 aut
325 1647 519 1734 praeposito,
541 1647 661 1712 nostris
683 1646 717 1711 in
733 1645 862 1712 Ohriato
873 1645 1028 1735 patribus,
1052 1648 1233 1736 protestari,
1256 1648 1410 1736 quodnos
1431 1647 1484 1712 vel

252 1750 438 1837 capitaneus
459 1759 570 1818 noster
590 1749 632 1816 ad
645 1751 893 1837 expurgandum
904 1752 1009 1839 ipsum
1025 1773 1089 1818 non
1101 1750 1298 1818 admisimus.
1320 1751 1483 1818 Palatinus

245 1875 323 1919 vero
345 1855 452 1942 ipsum
473 1855 645 1943 profugum
667 1877 798 1922 eervare
820 1856 939 1942 poterit
959 1879 1018 1943 per
1040 1879 1100 1921 sex
1122 1857 1320 1942 septimanas
1342 1879 1384 1922 ex
1409 1877 1481 1921 eon-

246 1957 416 2024 suetudine
428 1959 568 2046 antiqua,
586 1958 671 2025 infra
690 1958 778 2046 quod
791 1969 917 2047 tempus
930 1960 1090 2048 palatinus
1106 1961 1192 2026 eirca
1214 1982 1273 2026 nos
1296 1958 1347 2026 vel
1360 1981 1481 2026 succes-

246 2084 334 2130 sores
346 2071 473 2129 nostroe
486 2085 543 2129 seu
556 2063 741 2150 capitaneos
747 2063 908 2150 justitiam
917 2062 1013 2130 debet
1021 2085 1193 2152 quaerere3
1207 2075 1239 2130 et
1249 2065 1279 2130 ei
1289 2086 1355 2130 non
1367 2065 1481 2152 poterit

244 2167 399 2250 obtinere,
422 2165 510 2254 quod
530 2167 717 2235 admittatur
738 2166 781 2232 ad
803 2167 1037 2234 ostendendum
1058 2191 1149 2234 suem
1162 2169 1377 2234 innocentiam
1388 2191 1481 2256 super

243 2293 282 2336 eo
305 2271 346 2338 de
367 2293 431 2359 quo
453 2270 550 2336 luerit
570 2279 750 2354 accusatus,
773 2281 847 2358 post
868 2271 930 2338 hoc
951 2270 1057 2337 <lictus
1079 2271 1242 2358 palatinus
1261 2271 1397 2338 eundem
1411 2293 1478 2359 pro-

242 2375 353 2463 fugum
366 2374 409 2442 ad
430 2383 533 2442 metas
555 2385 659 2441 terrae
682 2397 761 2440 suae
783 2397 842 2442 suo
866 2374 1028 2442 conductu
1050 2375 1212 2444 deducere
1234 2386 1393 2442 teneatur.
1417 2373 1477 2456 Qui

243 2480 290 2544 sic
312 2479 489 2546 conductus
512 2479 595 2544 infra
617 2501 738 2546 annum
764 2502 786 2545 a
815 2489 960 2568 tompore
983 2481 1033 2546 eui
1056 2483 1163 2546 exitus
1186 2480 1227 2546 de
1249 2491 1346 2564 terra,
1380 2502 1473 2566 regno

242 2595 275 2650 et
294 2585 465 2670 terrigenis
477 2593 669 2650 nocumenta
690 2583 811 2650 inferre
832 2605 897 2650 non
909 2582 1031 2650 valebit
1053 2584 1105 2651 vel
1122 2607 1187 2651 non
1201 2583 1351 2669 habebit;
1375 2607 1471 2650 uxore
1529 2573 1530 2646 l

242 2711 300 2754 sua
321 2690 355 2753 in
376 2687 468 2754 bonis
492 2687 558 2754 suis
580 2688 715 2776 pacifice
736 2698 922 2756 remanente
944 2711 1003 2777 per
1024 2687 1145 2755 (lictum
1167 2711 1286 2754 annum
1311 2697 1344 2754 et
1361 2689 1472 2776 quiete.

241 2793 314 2874 Quo
336 2815 421 2859 auno
443 2792 582 2876 evoluto,
614 2793 641 2858 ai
670 2792 833 2880 praelatus
854 2793 1010 2881 profugus
1033 2793 1087 2859 die
1109 2803 1141 2860 et
1162 2803 1258 2859 nocte
1282 2801 1468 2858 nocumenta
1527 2785 1528 2858 l

241 2896 350 2984 aliqua
370 2895 541 2982 terrigenis
563 2895 716 2980 intulerit,
748 2907 881 2985 propter
902 2897 964 2964 hoo
985 2897 1115 2964 infamis
1137 2920 1200 2964 non
1214 2897 1312 2962 debet
1333 2897 1468 2984 reputor·
1526 2891 1527 2966 l

239 3025 300 3068 nee
321 3001 364 3068 ed
386 3011 519 3068 mortem
551 3002 658 3091 ipsum
682 3010 811 3088 captum
834 3001 1014 3088 terrigenae
1036 3001 1130 3068 nobis
1153 3023 1210 3066 seu
1234 3001 1465 3067 successoribus

239 3110 357 3174 nostrie
386 3117 443 3173 aut
476 3107 652 3193 capitaneis
675 3107 793 3172 rostris
824 3105 903 3172 dare
925 3105 1131 3190 tenebuntur,
1166 3127 1227 3172 nec
1260 3115 1390 3193 propter
1418 3103 1470 3168 hoc

239 3212 394 3278 offensam
417 3223 559 3277 nostram
582 3213 755 3278 incurrent.
780 3210 816 3276 Si
837 3233 914 3276 vero
933 3209 1058 3298 judicio
1076 3233 1111 3276 ee
1124 3211 1324 3296 praesentari
1342 3207 1469 3275 noluerit

241 3327 275 3382 et
295 3314 449 3401 fugiendo
472 3323 666 3382 nocumenta
687 3317 860 3400 terrigenis
882 3314 1042 3381 intulerit:
1071 3314 1159 3381 bona
1180 3315 1281 3401 ipsius
1304 3309 1468 3378 immobilis

239 3443 387 3488 camerae
417 3430 547 3488 nostrae
570 3429 723 3508 perpetuo
746 3419 956 3508 applicentur,
989 3418 1122 3486 mobilia
1149 3440 1227 3484 vero
1256 3419 1343 3483 inter
1365 3438 1421 3484 nos
1441 3423 1465 3478 et

240 3524 714 3593 baroneanoetroedividantur
729 3547 787 3612 psr
809 3524 958 3590 medium.
982 3523 1027 3590 Et
1048 3526 1076 3589 si
1098 3545 1156 3610 per
1167 3521 1351 3610 quempiam
1365 3527 1463 3606 capue

241 3631 346 3716 fuerit,
370 3629 815 3716 ingratianoetraconsistat,
839 3639 871 3694 et
892 3630 976 3694 inter
999 3628 1161 3715 capientes
1173 3628 1280 3713 ipsum
1303 3634 1336 3690 et
1356 3623 1462 3690 amices

242 3734 328 3822 capti
367 3734 457 3799 nulla
485 3741 616 3822 propter
649 3736 722 3821 ejus
753 3734 972 3819 captivitatem
1002 3731 1099 3796 debet
1127 3729 1305 3817 indignatio
1327 3725 1460 3802 suboriri,

253 395 327 468 582
620 405 1106 467 xxxiasaasweoaman.

244 3861 305 3904 nec
335 3839 482 3904 inimicos
513 3835 656 3904 occultos
687 3837 738 3904 rel
764 3836 951 3902 manifestos
979 3835 1105 3903 adhoc
1127 3857 1259 3902 movere
1281 3839 1458 3920 praesumat.

238 3943 333 4009 Uxor
361 3965 440 4009 vero
465 3965 525 4008 sua
552 3943 586 4007 in
616 3941 760 4008 dotalitio
783 3963 958 4026 remanere,
988 3939 1041 4007 vel
1063 3941 1169 4027 ipsum
1193 3937 1336 4004 vendere
1357 3935 1458 4002 habeat

237 4047 375 4114 liberam
396 4045 595 4114 facultatem.

322 4151 388 4240 (35.
422 4151 614 4218 Statuimus:
647 4141 793 4231 Quodsi
822 4149 940 4236 eliquia
963 4170 1072 4214 coram
1095 4147 1188 4214 nobis
1218 4145 1270 4212 vel
1300 4147 1458 4234 capitaneo

235 4267 345 4324 nostro
358 4256 399 4324 de
411 4254 519 4342 aliquo
542 4255 676 4320 erimine
698 4263 754 4320 aut
775 4252 1042 4320 maleficioiuerit
1063 4261 1244 4336 accusatus,
1267 4249 1352 4316 etad
1368 4259 1456 4316 oeten

235 4360 374 4428 ‹lendam
397 4383 488 4426 suam
511 4359 736 4441 innocentiam,
770 4381 829 4446 per
850 4380 909 4423 noe
932 4356 984 4423 vel
1016 4368 1157 4426 noenum
1191 4356 1393 4443 capitaneum
1414 4351 1456 4417 ad·

236 4466 352 4531 missus
374 4487 439 4530 non
460 4465 567 4546 luerit,
601 4473 633 4530 et
656 4463 698 4529 ob
720 4463 781 4528 lroc
803 4466 909 4550 ipsum
931 4461 1044 4548 fugere
1074 4465 1247 4549 contingat,
1280 4472 1313 4526 et
1333 4483 1373 4526 ne
1395 4457 1458 4542 fuge

236 4567 420 4656 hujusmodi
441 4567 483 4633 erl
506 4568 671 4660 infamiam
695 4569 883 4654 imputetur:
906 4566 992 4634 idem
1015 4567 1143 4652 lugiens
1166 4587 1275 4631 coram
1295 4559 1457 4631 reverendo
