3082 5128
236 421 310 492 578
611 431 732 483 xxxw.
751 431 857 482 sarua
875 429 1045 481 arusuensis
1062 429 1097 480 11.

237 622 340 712 ipsius
369 621 498 708 luerint,
541 630 607 686 tres
646 643 776 686 marcae
816 619 963 686 residuae
997 618 1196 705 integraliter
1236 617 1471 705 persolvantur.

237 728 275 795 Si
297 751 376 794 vere
400 727 526 794 occisor
547 736 580 792 et
601 727 726 792 occisus
749 725 871 790 fuerint
893 724 1030 791 duorum
1052 723 1265 808 dominorum,
1297 725 1344 789 eis
1368 723 1472 789 dietae

239 841 304 900 tres
327 855 454 901 marcae
484 831 633 897 residuae
667 832 751 896 inter
781 831 868 918 ipsos
905 829 1100 897 dividendae
1132 851 1192 917 per
1214 829 1369 911 medium,
1407 828 1473 893 dari

238 938 365 1005 debent.
389 937 692 1003 Vulneransautem
704 935 922 1019 kmetlronem,
946 934 1051 1001 eidem
1063 934 1231 1000 vulnerate
1255 957 1314 1022 pro
1338 933 1473 1000 vulnere

238 1043 377 1110 mediam
402 1064 552 1124 marcam,
575 1041 706 1107 domino
729 1050 836 1106 autem
860 1040 970 1128 ipsius,
993 1039 1222 1106 sivulneratus
1246 1050 1279 1104 et
1300 1037 1474 1104 vulnerans

238 1149 280 1245 pe
302 1147 382 1214 villa
402 1149 497 1214 unius
519 1146 642 1212 domini
663 1145 793 1224 fuerim,
823 1166 921 1211 unum
951 1165 1093 1210 marcam
1116 1145 1277 1231 integram
1306 1145 1377 1230 ipsa
1408 1141 1472 1207 vul·

239 1246 358 1319 nerana
377 1274 435 1339 pro
455 1273 560 1340 poena
580 1251 706 1317 solvere
724 1259 882 1319 teneatur.
907 1249 942 1316 Si
962 1273 1040 1316 vero
1055 1248 1229 1316 vulnerans
1243 1258 1276 1314 et
1289 1246 1472 1314 vulneratus

239 1358 377 1423 duorum
400 1355 603 1422 dominorum
625 1355 754 1439 fuerint,
776 1357 860 1421 inter
881 1355 969 1443 ipsos
988 1353 1176 1444 hujusmodi
1199 1375 1308 1420 marea
1329 1351 1470 1442 poenalis

238 1485 297 1550 per
320 1461 461 1528 medium
484 1460 658 1527 dividatur.

325 1569 378 1632 21.
401 1568 484 1633 Item
497 1567 683 1632 statuimus:
709 1565 913 1654 Quicumque
934 1567 1103 1654 virginem,
1123 1567 1357 1654 cujuscumque
1375 1574 1472 1630 amors

240 1672 294 1739 vel
328 1671 525 1739 conditionis
560 1671 727 1748 exstiterit,
763 1671 833 1738 sine
863 1671 1030 1737 voluntate
1063 1678 1233 1760 parentum
1266 1670 1409 1757 rapuerit
1442 1679 1472 1732 et

240 1801 311 1844 eam
334 1777 495 1843 violenter
529 1779 735 1864 oppresserit,
771 1778 840 1842 vita
873 1777 975 1864 ipsius
1010 1777 1105 1842 sitin
1130 1798 1305 1864 oppressae
1337 1775 1470 1860 virginis

240 1883 345 1969 gratia
367 1893 400 1947 et
422 1881 598 1946 amicorum
615 1881 771 1969 ejusdem.
795 1879 882 1947 Filia
898 1883 1028 1948 omnino
1040 1883 1110 1947 sine
1127 1881 1289 1947 voluntate
1307 1887 1467 1966 parentum

239 1987 362 2074 raptori
386 1987 602 2062 consentiens,
637 1983 690 2050 vel
713 2008 747 2049 se
780 2007 957 2070 procurans
979 1989 1051 2074 rapi
1074 2009 1094 2051 a
1114 1995 1253 2073 raptore,
1288 1985 1349 2050 etsi
1370 1982 1468 2048 eidem

240 2091 445 2179 postmodum
481 2089 760 2170 matrimonialiter
792 2089 890 2156 fuerit
924 2090 1084 2178 copulatu,
1122 2087 1331 2155 nihilominus
1366 2087 1469 2152 dotem

239 2195 375 2280 amittat,
398 2196 454 2276 ita,
478 2194 565 2281 quod
587 2204 738 2282 parentes
763 2217 821 2260 seu
843 2196 938 2260 amici
969 2197 1040 2285 ejus
1064 2219 1128 2261 nen
1149 2203 1324 2260 teneantur
1353 2192 1395 2258 ad
1416 2189 1467 2258 do·

242 2299 375 2365 tandum
399 2299 543 2366 eandem.
711 2301 714 2306 '

329 2405 379 2471 22.
404 2405 608 2493 Quicumque
631 2427 709 2472 vero
726 2404 822 2470 alicui
845 2407 963 2492 virgini
982 2427 1039 2472 scu
1061 2405 1189 2471 mulieri
1212 2407 1401 2493 conjugatae
1422 2413 1470 2468 aut

241 2508 369 2589 viduae,
392 2510 425 2573 in
438 2511 502 2591 via,
524 2531 648 2596 campo,
663 2508 756 2588 silva,
780 2509 874 2574 domo
893 2510 946 2575 vel
965 2509 1045 2575 villa
1063 2509 1273 2598 opprimendo
1289 2508 1466 2575 violentiam

242 2614 365 2697 feeerit,
389 2622 421 2678 et
442 2615 537 2699 virge
559 2623 616 2680 aut
637 2612 754 2678 mulier
775 2613 942 2679 violatoris
980 2617 1222 2702 oppressionem
1247 2613 1400 2691 evadens,
1430 2609 1464 2676 sd

242 2715 354 2783 villam
376 2718 566 2784 vieiniorem
588 2721 733 2802 veniens,
757 2740 815 2783 seu
837 2720 869 2782 in
893 2717 974 2784 villa
997 2721 1152 2799 existens,
1189 2719 1230 2785 ad
1252 2717 1392 2784 villanos
1413 2717 1466 2782 ela-

242 2821 380 2888 maverit
401 2822 559 2911 plorando
583 2845 641 2888 seu
663 2821 872 2908 lacrimando,
907 2823 1068 2889 narrando
1103 2823 1165 2888 sibi
1187 2823 1376 2889 violentiam
1409 2822 1467 2887 fore

240 2926 373 3012 illatam,
409 2937 441 2992 et
472 2928 688 3014 oppressionis
721 2929 755 2991 in
793 2951 832 2993 ea
864 2928 1071 3015 apparuerint
1100 2929 1193 3014 signa
1226 2927 1411 2994 manifesta:
1441 2929 1467 2988 iu

240 3043 351 3098 nostra
380 3033 485 3122 gratia
506 3033 748 3119 amicorumque
778 3031 923 3119 ejusdem
947 3054 1121 3120 oppressor
1143 3035 1271 3114 existat,
1295 3042 1328 3098 et
1349 3033 1418 3116 hee,
1444 3031 1468 3094 si

242 3137 283 3200 de
307 3137 377 3224 ejus
401 3137 541 3203 clamere
563 3135 639 3202 dieti
663 3135 776 3202 villani
799 3137 920 3202 fuerim
942 3140 1116 3223 protestati.
1152 3137 1187 3204 Si
1209 3159 1289 3203 vero
1310 3139 1403 3223 virgo
1423 3133 1466 3199 vel

242 3240 358 3307 mulier
381 3241 421 3306 de
444 3243 653 3330 oppressione
675 3241 814 3328 aliquem
844 3245 1045 3308 accusaverit
1067 3242 1276 3324 calumniose,
1311 3252 1344 3308 et
1375 3243 1407 3308 in
1436 3262 1468 3304 ea

242 3345 336 3431 signa
347 3345 564 3433 oppressionis
586 3368 649 3412 non
667 3349 883 3434 apparuerint,
906 3359 942 3412 ut
964 3358 1014 3413 est
1030 3346 1167 3415 dictum:
1182 3356 1302 3414 extunc
1323 3347 1361 3426 is,
1384 3365 1466 3432 qnam

241 3451 453 3534 accusaverit,
489 3472 563 3516 eum
594 3473 652 3515 sex
686 3471 763 3515 suae
796 3449 987 3516 conditionis
1010 3450 1192 3517 hominibus
1215 3475 1249 3516 se
1277 3451 1467 3538 expurgabit,

243 3553 469 3620 calumniatrix
492 3564 599 3620 autem
635 3577 739 3641 poena
761 3553 881 3638 debita,
915 3555 1146 3642 cujuscumque
1169 3565 1271 3622 status
1289 3556 1347 3644 vel
1371 3551 1467 3620 eondi-

244 3659 340 3724 tionis
363 3659 491 3736 existat,
514 3661 675 3745 puniatur.

329 3763 382 3829 23.
407 3762 585 3830 statuendo
618 3763 836 3830 declaramus:
871 3765 1018 3846 Quodsi
1048 3765 1120 3852 quis
1151 3765 1254 3830 tribus
1285 3763 1408 3830 vicibus
1434 3761 1466 3825 de

244 3867 330 3933 furto
354 3868 406 3932 vel
430 3865 533 3955 spolio
566 3866 743 3955 injudicio
767 3870 933 3934 convietus
957 3869 1127 3949 exstiterit,
1159 3868 1212 3934 vel
1233 3891 1304 3934 rem
1328 3869 1465 3934 furtivam

243 3994 300 4038 seu
322 3971 482 4038 violenter
504 3971 645 4039 ablatam
667 3973 862 4039 restituerit:
898 3975 925 4038 is
948 3974 1075 4040 infamis
1101 3983 1258 4062 perpetuo
1279 3985 1463 4061 permaneat,

243 4075 394 4164 nullaque
414 4075 549 4142 denaria
571 4077 604 4141 in
625 4077 772 4142 vestibus
795 4087 851 4143 aut
873 4077 945 4143 aliis
968 4079 1065 4143 rebus
1087 4101 1108 4144 a
1130 4078 1222 4144 nobis
1256 4078 1385 4167 penitus
1406 4097 1465 4142 con·

242 4191 404 4269 sequatur.
429 4180 525 4262 Quod
548 4183 575 4245 si
597 4189 748 4246 accusato
772 4181 812 4246 de
835 4181 921 4248 furto
945 4191 1053 4248 etnen
1066 4182 1467 4265 convicto,aslhibitocerto

241 4307 374 4352 numero
396 4287 537 4362 testium,
571 4285 669 4351 fuerit
690 4283 812 4352 indicta
839 4289 997 4372 purgatio,
1031 4296 1063 4353 et
1084 4287 1112 4352 is
1145 4287 1173 4352 si
1209 4287 1242 4352 in
1263 4288 1361 4352 unius
1390 4285 1467 4352 testis

241 4391 425 4456 testimonio
458 4389 633 4456 defecerit:
674 4399 805 4479 propter
844 4389 906 4455 hoe
934 4391 1061 4494 infamis
1100 4390 1283 4456 nullatenus
1314 4390 1468 4456 habeatur.

245 4493 301 4558 sed
323 4515 418 4579 passo
442 4492 594 4558 damnum
618 4493 804 4560 satisfacere
828 4503 985 4563 teneatur.

329 4596 379 4661 24.
404 4595 578 4663 Praeterea
600 4599 788 4664 statuimus:
811 4598 908 4681 Quod
931 4601 1054 4687 siquis
1077 4599 1118 4666 (le
1137 4599 1217 4666 villa
1240 4599 1335 4666 unius
1359 4597 1468 4664 domini
