3082 5128
247 411 324 487 550
609 429 759 496 ‚xxxin
779 428 884 482 saue
901 427 1072 482 usnemu
1089 428 1110 479 1.

451 619 500 684 De
524 628 624 686 tutore
646 621 871 707 orphanorum,
894 643 970 708 quior
992 621 1132 700 tradidit
1149 619 1286 686 moritis.
1329 687 1331 692 .

328 749 380 816 45.
413 749 607 815 Fhanoisous
637 751 761 837 neptim
793 772 883 816 suam
906 751 1051 835 Luciam,
1086 753 1244 817 inceste
1276 752 1498 818 constitutam

241 853 380 922 infantili
403 853 589 942 orphanam,
620 876 694 920 eum
718 853 810 922 bonis
832 854 1017 924 valentibus
1040 865 1169 944 centum
1191 878 1327 939 mareas,
1351 857 1500 922 eandem

242 959 294 1025 ad
321 956 516 1024 servandum
561 959 598 1024 in
632 981 723 1026 suam
760 982 871 1026 euram
902 961 1041 1048 recepit3
1087 969 1228 1049 tempore
1258 982 1336 1026 uero
1381 983 1499 1048 proce

242 1063 351 1147 dente,
386 1065 500 1158 ipsam,
531 1061 609 1130 dum
632 1063 737 1130 adhuc
766 1063 829 1130 fuit
849 1067 956 1132 minor
977 1066 1081 1150 annis,
1116 1065 1157 1132 de
1179 1066 1294 1151 viginti
1316 1065 1499 1132 dumtaxat

242 1169 360 1236 marcis
389 1168 561 1238 maritavit.
594 1167 725 1236 Deinde
747 1170 861 1236 stando
884 1193 956 1237 curn
979 1157 1106 1253 marito,
1129 1165 1202 1257 post
1223 1178 1359 1258 quatuor
1389 1193 1497 1236 annos

242 1271 356 1338 eadem
377 1271 481 1338 Lucia
509 1295 568 1360 pro
595 1272 689 1339 bonis
720 1272 935 1358 hereditariis,
969 1273 1164 1340 restantibus
1196 1273 1279 1340 ultra
1304 1275 1497 1362 praedictas

242 1377 358 1463 viginti
380 1397 516 1461 mareas,
547 1399 621 1444 cum
642 1378 819 1444 Francisco
843 1399 901 1444 suo
923 1377 1083 1445 avunculo
1114 1389 1222 1446 movet
1242 1380 1495 1466 quaestionem

241 1481 434 1548 Fhunciseuu
457 1491 565 1549 autem
586 1482 761 1569 respondit,
793 1483 880 1570 quod
902 1469 1000 1569 longo
1022 1492 1168 1572 tempore
1189 1491 1264 1571 post
1285 1493 1495 1550 contractum

242 1579 490 1666 matrimonium,
513 1609 572 1673 per
594 1595 731 1674 quatuor
740 1609 851 1672 annos,
875 1584 1039 1675 nunquam
1062 1587 1122 1654 fnit
1144 1589 1284 1654 monitus
1306 1609 1370 1676 pro
1388 1587 1491 1653 rebus

240 1690 293 1757 vel
327 1689 420 1756 bonis
450 1691 632 1779 praedictis.
686 1691 755 1757 Nos
780 1679 890 1779 itaque
924 1691 1071 1758 volentes
1100 1690 1218 1759 talibus
1248 1692 1377 1758 casibus
1417 1715 1493 1778 pro-

241 1794 363 1877 videre,
387 1793 588 1862 declaramus
611 1805 643 1862 et
665 1795 854 1862 statuimus:
885 1795 981 1879 Quod
1003 1795 1170 1884 praedicta
1178 1796 1290 1878 Lucia,
1312 1807 1491 1884 postquam

241 1920 315 1965 oum
336 1901 451 1966 marito
475 1923 532 1966 suo
553 1901 649 1966 suerit
670 1900 727 1966 vel
753 1901 877 1966 steterit
900 1923 957 1987 per
986 1909 1053 1967 tres
1080 1923 1181 1966 annos
1208 1911 1242 1966 et
1262 1912 1328 1967 tres
1355 1889 1493 1968 menses

241 2011 274 2070 et
294 2002 518 2071 infraeesdem
542 2003 585 2070 ad
598 2027 727 2070 causam
739 2027 802 2070 non
815 2005 1031 2093 provocando,
1056 2007 1125 2071 sive
1148 2005 1246 2072 fuerit
1264 2007 1368 2071 minor
1394 2009 1492 2070 annis

241 2108 309 2174 sive
320 2109 434 2197 major,
458 2108 498 2174 de
521 2118 627 2176 cetero
651 2132 714 2175 non
727 2111 916 2197 poteritnec
944 2108 1076 2176 debebit
1098 2132 1195 2196 agere
1217 2108 1490 2197 proquibuscun-

242 2235 304 2300 que
319 2212 412 2278 bonis
435 2216 487 2279 vel
509 2212 607 2280 rebus
629 2213 779 2298 residuis,
793 2199 940 2280 obstante
962 2213 1025 2280 sibi
1047 2216 1183 2280 termino
1206 2215 1304 2280 trium
1326 2235 1489 2279 annorum

240 2325 272 2382 et
293 2319 388 2384 trium
412 2319 571 2402 mensium
593 2320 810 2384 taciturnitate
833 2327 866 2384 et
886 2321 1150 2408 praescriptione.

237 2458 288 2522 De
309 2457 368 2522 illo
397 2459 454 2544 poi
474 2458 567 2524 soluit
590 2459 792 2528 hereditatem
818 2468 847 2524 et
868 2459 963 2524 solvit
993 2457 1198 2538 medietatem,
1228 2470 1258 2524 et
1282 2459 1486 2546 postmodum

725 2563 816 2629 vellet
837 2586 992 2629 revocare.

323 2675 377 2744 46.
410 2674 614 2742 Franciseus
639 2675 798 2764 Gregorio
832 2677 979 2743 vendidit
1011 2677 1224 2743 hereditatem
1258 2699 1316 2764 pro
1353 2689 1485 2740 centum

230 2779 367 2870 marcis,
400 2800 459 2866 pro
483 2802 546 2868 qua
569 2779 745 2866 Gregorius
763 2781 877 2848 statim
899 2781 961 2846 XL
985 2804 1110 2851 mareas
1134 2780 1284 2865 exsolvit,
1318 2780 1484 2846 residuam

235 2885 407 2973 pecuniam
435 2886 625 2972 promittens
658 2885 811 2954 incertis
834 2888 980 2952 terminis
1009 2909 1068 2974 per
1095 2909 1197 2952 annos
1227 2885 1428 2968 soluturum;
1451 2893 1484 2950 et

237 2990 285 3056 sic
299 2989 385 3056 idem
397 2987 575 3075 Gregorius
596 3012 656 3077 per
677 2999 815 3078 quatuor
837 3014 939 3058 annos
962 2989 1107 3080 pacifice,
1131 3013 1194 3058 non
1216 2989 1303 3057 faeta
1324 2988 1380 3080 tali
1397 2987 1481 3055 solu-

235 3093 333 3178 tione,
366 3094 470 3162 tenuit
492 3101 524 3160 et
547 3093 692 3182 possedit
720 3095 918 3183 praedictam
942 3094 1161 3164 hereditatem.
1206 3095 1346 3161 Demnm
1379 3115 1481 3182 prope

228 3196 331 3275 ,finem
357 3198 574 3286 quartisanni,
609 3196 787 3285 Gregorius
810 3209 935 3288 emptor
955 3199 1114 3288 reliquam
1135 3201 1305 3287 pecuniam
1328 3197 1423 3264 offert
1445 3219 1480 3262 se

235 3300 423 3368 soluturum
437 3311 470 3368 et
491 3302 641 3370 daturum
653 3303 826 3372 Franeisco
853 3305 1030 3390 venditori;
1052 3304 1247 3370 Franciscus
1269 3325 1348 3370 vero
1367 3303 1480 3367 nititur

235 3415 267 3471 et
289 3409 422 3493 quaerit,
440 3406 527 3494 quod
539 3409 641 3496 possit
651 3409 837 3475 rescindere
863 3419 897 3474 et
920 3408 1223 3498 revocareeandem
1246 3406 1475 3486 venditionem,

235 3532 306 3575 curn
342 3533 400 3598 per
426 3521 548 3577 tantum
582 3521 709 3599 tempus
732 3513 795 3578 sibi
825 3511 940 3578 solutio
963 3513 1070 3580 totalis
1100 3536 1166 3579 non
1187 3512 1283 3578 fuerit
1306 3511 1391 3578 faeta
1419 3533 1478 3575 nee

234 3614 414 3682 subsecuta.
434 3616 640 3704 Quapropter
650 3639 709 3682 nos
722 3620 890 3684 statuimus
902 3628 935 3684 et
950 3617 1165 3685 declaramus:
1182 3617 1321 3704 Propter
1334 3617 1472 3702 quietam

233 3729 267 3784 et
283 3720 450 3806 pacificam
460 3724 697 3808 possessionem
711 3722 851 3788 habitam
864 3745 923 3810 per
932 3731 999 3789 tres
1011 3745 1112 3789 annos
1134 3733 1169 3788 et
1189 3743 1248 3809 per
1258 3731 1324 3786 tres
1337 3741 1472 3791 menses,

232 3823 454 3918 uenditionem
466 3825 663 3914 praedictam
679 3835 866 3914 perpetuam
889 3827 1011 3893 habere
1032 3825 1226 3910 firmitatem,
1239 3848 1304 3892 non
1327 3823 1471 3890 obstante

233 3930 314 3994 tanti
337 3931 490 4018 temporis
512 3932 728 4010 taciturnitate
751 3940 783 3997 et
805 3934 1066 4020 praescriptione.

506 4070 556 4136 De
577 4071 773 4136 mutuatione
795 4068 896 4136 tritici
916 4071 965 4136 eel
987 4071 1120 4156 ulterius
1139 4073 1196 4138 rei.

319 4184 373 4250 47.
396 4183 588 4250 h'raneiscus
601 4183 759 4270 Gregorio
771 4185 930 4250 mutuavit
943 4185 1059 4270 viginti
1075 4205 1242 4249 mensuras
1257 4183 1368 4260 tritici,
1382 4205 1469 4269 quas,

234 4287 355 4375 pluries
379 4289 527 4372 monitus,
561 4309 627 4354 non
649 4289 804 4374 restituit,
828 4288 1005 4374 Gregorius
1027 4298 1135 4354 antem
1157 4289 1318 4374 quaesivit
1339 4287 1470 4372 abipso

234 4381 419 4476 Francisoo,
444 4391 573 4480 quando
596 4392 657 4459 sibi
680 4393 822 4458 triticum
845 4393 1045 4480 praedictum
1061 4391 1263 4458 mutuasset?
1284 4391 1469 4478 Respondit,

233 4504 369 4582 quatuor
389 4517 492 4562 annos
515 4519 587 4562 esse
609 4495 746 4585 elapsos.
772 4497 840 4562 Nos
863 4499 925 4584 ipsi
946 4497 1121 4562 Francisco
1143 4498 1354 4584 imposuimus
1377 4495 1468 4560 siten-

231 4599 323 4680 tium,
345 4609 476 4686 propter
494 4603 576 4666 tanti
597 4599 751 4686 temporis
774 4600 953 4667 decursum.
