3082 5128
434 495 559 548 xxxin.
580 495 685 547 sunu
702 494 871 547 wninensn
891 495 912 546 1.
1214 481 1289 552 567

399 686 448 750 De
470 686 641 750 uiolatione
661 685 809 772 pulices
830 694 961 751 stratae.

130 818 213 882 103.
239 817 397 884 Martinus
419 817 625 903 conqueritur
647 814 688 882 de
710 814 854 897 Nicolao,
877 815 963 901 quod
985 815 1037 882 die
1058 815 1180 882 sorensi
1193 815 1292 880 invia

34 919 186 1009 publica
214 921 254 986 de
276 944 356 1009 pera
380 921 502 1008 recepit
525 919 586 986 sibi
608 929 680 986 octo
703 929 822 986 scottos
845 920 1018 1004 violenter;
1041 919 1192 986 Nicolcus
1214 941 1292 986 vero

33 1026 230 1113 respondit,
268 1027 356 1113 quod
386 1025 528 1092 indebito
562 1028 667 1113 ipsum
691 1025 912 1106 calumniatur,
951 1047 1013 1090 noc
1035 1023 1170 1090 candem
1192 1047 1288 1111 pecu-

37 1132 137 1198 niam
165 1133 338 1213 amisisset,
372 1153 434 1198 nec
456 1130 516 1197 sibi
539 1139 669 1217 recepta
691 1129 814 1213 finisset,
843 1127 956 1196 volens
979 1152 1051 1194 cum
1075 1153 1134 1196 sex
1156 1129 1292 1194 testibus

35 1235 78 1298 de
103 1235 177 1301 hoc
199 1257 235 1300 se
257 1257 449 1323 expurgare.
491 1234 560 1300 Nos
583 1235 691 1322 itaque
718 1235 752 1298 in
770 1233 828 1300 tali
850 1256 927 1300 casu
950 1234 1170 1300 decrevimus:
1204 1231 1286 1297 Cum

37 1340 226 1408 duodecim
254 1340 348 1406 bonis
370 1340 515 1424 testibus,
547 1347 579 1406 et
605 1361 669 1405 non
699 1336 914 1426 paucioribus,
937 1337 1006 1404 fieri
1029 1336 1211 1423 hujusmodi
1236 1359 1292 1402 ex·

38 1447 289 1532 purgationem.

427 1585 477 1650 De
499 1587 676 1649 incautione
697 1583 837 1669 alicujus
857 1584 914 1649 rei.

142 1716 218 1781 104.
241 1714 323 1780 Item
334 1714 491 1781 Martinus
508 1713 656 1802 deposuit
670 1724 782 1780 contra
794 1714 971 1788 Nicolaum,
994 1713 1080 1802 quod
1100 1714 1175 1779 dum
1195 1737 1290 1799 egros

42 1821 207 1907 proprios
221 1820 383 1905 coluisset,
407 1819 506 1885 bursa
525 1819 629 1885 eidem
646 1820 771 1904 cecidit,
791 1821 824 1885 in
848 1843 912 1908 qua
933 1819 1063 1885 fuerunt
1084 1830 1156 1884 octo
1179 1821 1291 1902 scotti;

46 1923 210 1990 Nicolaus
239 1947 315 1989 vero
343 1925 586 2012 superveniens,
613 1925 737 1991 invenit
762 1923 892 1990 bursam
915 1925 1048 1990 candem
1076 1947 1150 1991 cum
1172 1923 1293 1989 eisdem

48 2039 128 2094 octo
153 2031 276 2112 scottis,
289 2038 321 2093 et
342 2051 397 2093 cos
420 2030 559 2094 monitus
571 2029 739 2094 restituere
760 2052 825 2095 non
848 2031 982 2095 curavit
1013 2027 1166 2094 Nicolcus
1187 2039 1294 2094 autem

48 2135 201 2220 negavit,
222 2157 256 2198 sc
269 2131 465 2220 praedictam
488 2132 618 2198 bursam
642 2135 816 2219 invenisse,
841 2133 907 2221 [vel
928 2135 1095 2221 pecuniam
1120 2133 1293 2220 habuisse]

48 2237 122 2302 Noa
147 2239 257 2326 itaque
286 2239 318 2303 in
350 2237 405 2304 tali
435 2261 511 2304 casu
535 2239 710 2304 indiximus
741 2239 845 2304 cidem
860 2237 1011 2322 'Nicolsq
1045 2261 1103 2327 per
1131 2238 1294 2327 proprium

43 2331 273 2427 jurssnentum
295 2365 331 2408 sc
354 2365 545 2431 expurgare,
568 2341 654 2430 quod
677 2366 741 2408 non
763 2343 894 2419 invenit,
917 2366 976 2408 nec
993 2342 1105 2410 habuit
1126 2343 1294 2432 pecuniam

49 2448 265 2532 praedictam,

418 2587 467 2652 De
490 2587 601 2652 arbore
617 2587 799 2675 fructifero
821 2589 936 2654 excisa.

146 2719 219 2783 105.
241 2716 429 2802 statuimus,
453 2717 539 2803 quod
553 2739 611 2805 pro
628 2715 773 2805 qualibet
794 2718 910 2785 arbore
931 2717 1095 2784 fluctisona
1117 2741 1174 2784 seu
1197 2717 1296 2804 pomi-

51 2823 128 2888 fera
144 2824 281 2906 succisa,
303 2820 486 2909 XlIgrossi
506 2821 672 2888 dumtaxat
688 2845 784 2909 passo
806 2822 957 2888 damnum
981 2823 1199 2904 exsolvantur,
1222 2843 1295 2886 cum

52 2951 166 3014 poena
187 2925 262 2993 XV.

309 3067 360 3131 Do
381 3065 600 3155 inculpationes
621 3067 776 3133 celedonii
792 3091 853 3156 per
874 3067 1043 3134 dominum.

148 3199 221 3263 106.
244 3197 424 3283 Praeterea,
438 3220 509 3264 cum
523 3199 670 3265 dominus
682 3209 794 3265 contra
814 3198 1003 3267 wladarium
1021 3197 1074 3266 vel
1089 3197 1186 3265 alium
1206 3197 1295 3263 ismi-

54 3304 174 3368 liarem
187 3324 290 3379 suum,
303 3301 464 3391 aliquibus
483 3325 541 3389 pro
553 3302 649 3369 rebus
660 3304 713 3369 vel
731 3305 856 3392 injuriis
879 3305 944 3370 suis
966 3303 1065 3370 habet
1076 3305 1295 3393 quaestiones:

53 3418 137 3472 tunc
161 3406 335 3472 wiadarius
357 3415 413 3472 aut
435 3407 611 3492 familiaris,
631 3408 759 3475 domino
782 3431 840 3475 suo
863 3431 927 3474 non
944 3408 1117 3475 deserendo
1131 3408 1295 3495 juramen-

55 3521 141 3598 tum,
164 3519 313 3576 teneatur
335 3533 370 3576 so
393 3533 466 3577 cum
488 3535 547 3579 sex
569 3513 704 3578 testibus
727 3535 918 3602 expurgare.

134 3651 255 3716 Nullus
271 3660 376 3739 potest
398 3651 575 3716 secutatione
597 3675 693 3718 comos
715 3656 782 3719 sine
803 3653 962 3719 uoluntate
983 3652 1104 3717 dmnioi
1124 3652 1231 3716 uillae.

149 3781 223 3850 107.
255 3780 362 3862 Quum
394 3782 534 3848 officium
570 3783 778 3851 scultetorum
808 3806 935 3871 semper
965 3783 1082 3850 servile
1104 3784 1231 3863 existat,
1265 3791 1298 3846 et

57 3887 103 3952 ad
125 3895 240 3952 nutum
262 3888 464 3953 dominorum
488 3909 617 3955 suorum
640 3898 724 3954 stare
746 3898 778 3954 ct
792 3889 898 3955 fucore
909 3890 985 3975 jure
1001 3897 1187 3954 teneantur:
1208 3885 1296 3952 iode-

59 4013 139 4057 cens
156 3999 215 4074 est,
238 3998 275 4055 ut
291 3992 499 4078 majoresaut
521 3993 717 4081 potentiores
739 4015 900 4081 personae
922 3996 956 4060 in
979 3991 1142 4059 scultetias
1161 3991 1295 4078 aliquas,

59 4118 158 4183 quam
191 4096 334 4181 ipsarum
364 4093 513 4163 villarum
543 4098 593 4164 sui
624 4097 755 4182 domini,
789 4107 1000 4165 assumantur.
1044 4096 1169 4164 Idcirco
1191 4097 1296 4162 visum

60 4201 122 4266 fuit
144 4199 260 4264 nostris
282 4198 473 4266 baronibus:
496 4199 541 4266 Ut
563 4199 670 4268 nullus
692 4202 793 4286 miles,
825 4211 880 4269 aut
900 4202 981 4268 alius
1011 4205 1204 4289 quicumque
1225 4197 1295 4264 illu·

62 4303 148 4388 stris,
179 4311 265 4368 emat
293 4313 349 4368 sut
377 4307 523 4391 acquirat
551 4305 611 4371 sibi
641 4308 674 4371 in
702 4304 810 4392 aliqua
840 4306 918 4374 villa
939 4306 1126 4388 scultetiem,
1171 4313 1297 4391 praeter

63 4407 150 4472 illius
173 4406 270 4472 villae
292 4415 349 4473 aut
370 4411 581 4493 possessionis
597 4410 718 4476 domini
735 4410 786 4476 vel
802 4413 928 4498 patroni
947 4411 1159 4494 voluntatem
1180 4411 1297 4475 factam

63 4520 170 4578 autem
208 4511 401 4598 emptionem
439 4513 491 4578 vel
526 4523 724 4581 contractum
758 4527 869 4581 contra
911 4517 973 4582 hoc
1007 4525 1161 4584 statutum
1193 4517 1297 4602 ipsam

66 4615 266 4682 decernimus
289 4615 412 4682 irritam
434 4625 467 4682 ct
488 4619 625 4684 inanem.
