3070 5118
371 439 455 490 XXX.
473 439 614 492 Decretum
631 439 794 490 comitiorum
812 453 849 490 cc.
870 437 944 488 1206.
1203 421 1274 494 501

34 649 96 712 per
120 627 290 691 civitatum
313 624 461 690 conculca
491 635 527 691 ut
560 636 609 692 eat
638 625 769 710 dictum,
793 626 886 693 nobis
908 625 1076 693 addicetur
1092 625 1146 692 vel
1177 626 1277 714 adju-

35 729 205 794 dicabitur
238 731 272 793 in
304 751 442 816 persona
475 737 508 794 et
535 729 632 796 rebus
662 733 729 796 auis
764 731 922 812 omnibus,
955 741 990 795 ut
1019 730 1060 796 de
1082 731 1153 816 ipso
1175 752 1214 794 ac
1236 728 1276 795 de

36 833 138 899 bonis
160 833 313 898 omnibus
334 835 435 921 ipaiua
458 855 516 919 pro
539 843 668 901 nostrae
694 835 849 902 faciamus
871 835 1004 900 arbitrio
1027 832 1213 900 voluntatis.

125 937 188 1004 IV.
210 938 382 1005 Praeterae
404 961 502 1024 quum
537 963 599 1006 non
628 939 850 1006 videturesse
880 939 1044 1006 sufficiens
1067 937 1277 1021 solummodo,

35 1064 123 1126 quae
145 1041 258 1128 aliquo
282 1053 456 1108 causentur
478 1066 520 1109 ex
553 1043 684 1126 scelere,
708 1043 801 1109 obice
824 1043 969 1111 cautelae
1000 1043 1142 1110 remedio
1165 1043 1207 1109 ad
1230 1065 1277 1107 aa·

36 1145 141 1210 lutem
166 1146 387 1233 reipublicae
411 1147 552 1231 obviare,
576 1150 638 1213 nisi
661 1157 693 1214 et
715 1150 749 1213 in
770 1146 842 1214 aliia
875 1151 1036 1214 communi
1058 1147 1188 1214 utilitati
1215 1149 1276 1213 cir·

34 1259 228 1336 cumspecte
262 1274 301 1316 ac
333 1251 467 1339 provide
501 1252 693 1336 consulatur,
727 1275 785 1340 per
820 1253 947 1318 eoadem
981 1253 1119 1319 barones
1148 1262 1274 1318 nostros

37 1353 215 1420 decretum
250 1363 300 1420 eat
339 1354 400 1421 hoc
437 1358 533 1422 etiam
571 1365 603 1422 et
635 1367 803 1424 statutum:
842 1357 886 1422 Ut
918 1355 1024 1423 nullus
1057 1357 1092 1422 in
1127 1356 1277 1422 claustrie

36 1468 93 1523 aut
116 1460 153 1522 in
177 1457 273 1525 bouis
297 1457 521 1526 claustralibus
543 1459 653 1548 aliqua
674 1461 793 1550 placita
813 1461 867 1528 vel
888 1463 1074 1528 venationes
1097 1483 1277 1544 cervorum,

36 1561 201 1648 leporum,
225 1565 334 1629 avium
355 1575 412 1629 aut
433 1563 713 1653 qualiumcumque
736 1567 874 1632 ferarum
897 1565 1014 1632 audeat
1044 1587 1207 1648 exercere,
1221 1564 1278 1629 aed

33 1666 62 1727 si
89 1666 215 1753 aliquia
238 1666 377 1734 voluerit
401 1666 564 1756 placitare,
589 1691 627 1735 ea
659 1672 691 1737 iu
715 1673 833 1736 nostrie
867 1669 1050 1737 civitatibus
1082 1669 1224 1736 celebret
1246 1679 1278 1734 ct

33 1779 229 1855 pertractet.
