3082 5128
444 463 572 533 xxxnrl
588 479 691 532 statua
710 477 878 532 wisnona.
894 479 916 532 1.
1222 458 1300 538 547

34 688 105 731 nes
134 689 215 732 mox
237 667 437 754 praedictum
459 665 588 748 vulnus,
610 670 705 734 matri
727 689 805 734 suae
823 667 958 752 illatum,
981 689 1040 756 per
1061 668 1142 735 alios
1164 667 1298 735 idoneos

37 779 166 854 testes,
197 773 254 858 qui
283 770 405 840 dictum
435 770 551 840 vulnus
575 772 726 840 viderunt
748 781 780 838 et
803 784 1052 861 conspexerunt,
1075 797 1111 841 se
1132 771 1299 840 asserebat

35 874 278 962 probaturum,
300 899 360 944 nos
373 879 405 944 in
427 875 484 944 tali
504 899 581 944 casu
603 886 636 944 et
657 877 754 944 simili
768 878 989 944 decrevimus:
1012 877 1162 946 Eundem
1174 876 1294 946 Johan·

36 1003 126 1046 ncm
154 980 451 1067 adproducendum
472 991 570 1050 testes
583 982 624 1048 de
636 982 797 1050 calumnia
817 983 886 1050 iore
898 981 1042 1058 veridice
1063 982 1297 1052 admittendum

36 1107 102 1171 per
125 1087 272 1174 judices.

130 1224 184 1290 De
207 1225 276 1290 itte
298 1229 354 1313 qui
376 1227 582 1292 catenantur
604 1252 643 1293 aa
665 1229 857 1294 contentione
880 1229 928 1294 ool
948 1231 984 1294 in
1008 1230 1209 1296 contemtores.

142 1355 197 1422 37.
221 1356 394 1437 Querelam
406 1357 519 1424 Petrus
532 1358 681 1446 deposuit
704 1359 915 1443 deJohanne,
940 1358 1024 1447 qnod
1047 1359 1152 1447 ipsum
1165 1359 1295 1426 Petrum

40 1458 277 1544 vulnerasset3
300 1461 465 1528 lohannes
488 1486 566 1529 vero
590 1473 773 1530 constanter
798 1463 973 1547 astruebat,
996 1462 1082 1551 quod
1112 1463 1226 1529 Petrus
1263 1488 1296 1528 se

38 1567 161 1650 ipsum
194 1563 396 1631 vulnerasset
404 1589 412 1653 3
447 1567 534 1654 quod
557 1567 711 1633 offerebat
743 1591 777 1634 se
800 1567 941 1654 legitime
968 1565 1185 1655 probaturum.
1229 1566 1296 1634 Nos

38 1679 160 1733 autem
186 1667 220 1733 in
244 1668 299 1734 tali
323 1692 399 1735 casu
422 1671 625 1738 decrevimus
638 1671 915 1758 distinguendum:
940 1671 1084 1756 Quodsi
1108 1672 1142 1737 in
1164 1677 1295 1738 conten·

39 1774 139 1837 tione
167 1782 202 1837 et
220 1771 383 1840 discordia
410 1775 576 1842 Jobannes
599 1778 715 1842 asserit
743 1777 876 1842 Petrum
902 1799 938 1842 se
960 1777 1063 1863 ipsum
1096 1775 1295 1860 vulnerasse,

40 1876 63 1940 J
66 1875 215 1943 olranms
228 1881 434 1967 probationes
447 1891 523 1946 sumt
543 1879 777 1964 admittendae3
801 1882 828 1945 si
840 1890 946 1946 autem
962 1891 1056 1947 extra
1073 1904 1199 1947 omnem
1220 1903 1294 1946 con·

41 1982 232 2048 tentionem
265 1993 298 2050 et
327 1983 522 2051 discordiam
550 1983 665 2050 Petrus
700 1984 796 2051 fuerit
830 1984 1027 2069 vulneratus,
1060 1993 1146 2070 tunc,
1182 1993 1216 2050 ut
1249 1983 1296 2049 e'st

40 2089 162 2171 moris,
188 2087 325 2153 dicimus
336 2087 425 2154 Petri
436 2089 655 2178 juramentum
680 2089 749 2156 iore
773 2099 805 2155 et
829 2113 900 2156 esse
923 2089 1042 2157 debere
1064 2088 1296 2156 admittendam

41 2191 87 2255 de
113 2191 262 2258 vulneris
285 2191 437 2260 illatione.

40 2331 95 2396 De
132 2331 204 2398 illis
236 2333 291 2419 qui
308 2331 533 2419 producuntur
555 2334 591 2398 in
612 2335 799 2413 testimonie,
832 2335 927 2402 aisis
949 2333 1101 2422 objicitur
1123 2357 1295 2400 accommo-

491 2437 663 2504 nicotionia
685 2440 850 2504 sannatia.

137 2567 193 2633 38.
228 2567 294 2632 Per
323 2569 556 2654 experientiam
589 2567 768 2651 didicimus,
807 2569 892 2658 quod
923 2571 1081 2635 sententia
1110 2585 1294 2635 excommu-

40 2673 224 2738 nicationis
254 2673 388 2738 testibus
419 2671 612 2739 inducendis
647 2673 804 2740 malitiose
833 2672 1023 2762 plerumque
1052 2671 1134 2738 salet
1166 2674 1294 2762 opponi,

40 2803 87 2844 cx
114 2801 184 2866 qua
206 2778 406 2866 oppositione
423 2777 603 2865 pullulabat
624 2781 791 2866 oppressio
806 2778 961 2844 veritatis.
997 2777 1092 2844 Unde
1114 2779 1201 2845 circa
1222 2801 1294 2844 can-

43 2883 126 2950 dem
150 2885 374 2969 exceptionem
405 2882 557 2948 duximue
589 2884 636 2948 sic
658 2880 879 2950 statuendum:
914 2881 1009 2965 Quod
1032 2905 1104 2949 cum
1134 2882 1296 2971 aliquibus

42 2987 191 3054 testibus
225 2986 440 3074 producendis
467 2987 564 3052 fucrit
593 2986 721 3074 objecta
754 2989 905 3075 exceptio
940 2989 1294 3070 excommunicationis,

42 3092 236 3180 producens
259 3099 358 3157 testea
381 3092 536 3180 quosdam
558 3090 612 3158 vel
635 3091 776 3175 eosdem,
800 3093 922 3180 absque
945 3113 1023 3158 suae
1046 3114 1163 3159 causae
1184 3090 1294 3157 vulne·

42 3199 190 3280 ratione,
224 3195 306 3261 alios
330 3202 439 3279 testes,
471 3197 498 3261 si
521 3205 636 3284 potest,
667 3195 853 3263 nominandi
877 3205 909 3262 et
930 3195 1130 3285 producendi
1161 3195 1294 3262 liberam

42 3311 76 3368 et
107 3300 242 3388 plenam
273 3299 390 3367 habeat
422 3299 617 3366 facultatem.
663 3301 698 3366 si
728 3323 806 3366 vcrc
833 3323 897 3366 non
931 3301 1050 3388 poterit
1082 3299 1162 3368 alios
1196 3309 1294 3366 testes

40 3406 220 3472 nominare
243 3402 294 3470 vel
318 3403 437 3471 babere
475 3415 698 3493 praeterquam
723 3427 790 3488 ecs,
824 3403 940 3494 quibus
964 3403 1114 3470 obiicitur
1135 3404 1295 3470 sententia

43 3509 407 3587 excommunicationis,
429 3508 595 3575 volumus:
628 3507 724 3592 Quod
747 3510 839 3596 cujus
867 3507 962 3575 suerit
984 3511 1144 3574 sententia
1166 3531 1293 3574 excom·

43 3613 290 3698 municationis,
313 3613 422 3678 debito
433 3614 538 3697 modo,
563 3613 687 3679 scilicet
705 3637 778 3680 cum
801 3611 974 3679 sufficienti
994 3611 1198 3701 fidejussoria
1219 3635 1292 3679 cau·

42 3723 137 3785 tione
162 3717 216 3784 vel
233 3717 466 3805 juramentoria
489 3718 699 3807 depositione,
712 3740 785 3784 cum
808 3719 989 3784 reverentia
1012 3726 1068 3784 aut
1089 3717 1294 3784 satisfaciens

42 3831 217 3912 reputatur
230 3831 262 3888 et
284 3831 419 3909 petatur,
432 3823 519 3910 quod
532 3821 654 3888 eisdem
676 3823 811 3889 testibus
823 3823 1117 3901 excommunicatis,
1138 3823 1179 3890 ad
1189 3821 1292 3912 perbi-

43 3927 193 3995 bendum
224 3927 444 3993 tantummodo
475 3928 693 3995 testimonium
726 3939 758 3994 et
787 3925 1042 3994 subveniendum
1077 3929 1216 4011 veritati,
1251 3950 1292 3994 ne

43 4035 172 4100 veritas
207 4032 417 4119 opprimatur,
452 4029 644 4100 beneficium
674 4031 884 4099 absolutionis
918 4030 1092 4120 impendat.
1137 4031 1232 4113 Quod
1266 4033 1293 4096 si

43 4137 351 4204 excommunicator
373 4135 538 4224 praedicto
560 4137 798 4226 modopetitus,
815 4160 874 4226 pro
887 4137 1070 4203 testimonio
1093 4135 1292 4225 perhibendo

43 4239 244 4309 beneficium
278 4239 490 4328 denegaverit
517 4241 739 4324 absolutionis,
774 4265 847 4307 eum
878 4241 1060 4330 hujusmodi
1094 4240 1293 4329 postulantes

43 4347 179 4426 veniam
202 4354 234 4410 ct
256 4344 502 4431 absolutionem,
526 4359 680 4434 quantum
703 4346 745 4414 ad
768 4349 885 4430 Deum,
921 4356 1112 4413 censeantur
1135 4343 1291 4411 absoluti:

44 4449 199 4518 volumus
226 4437 258 4515 ct
281 4449 493 4534 decernimus,
518 4449 606 4538 quod
620 4459 741 4518 extunc
763 4451 886 4540 absque
909 4451 1017 4539 aliqua
1039 4473 1155 4516 musae
1178 4449 1290 4515 vulne·

44 4557 185 4638 ratione,
231 4553 415 4620 testimonia
437 4554 621 4621 eorumdem
635 4557 773 4654 'testium
796 4579 855 4646 per
872 4555 1016 4648 judicem
1043 4554 1240 4645 recipiantur
1261 4563 1294 4639 at

44 4659 191 4729 babeant
213 4659 388 4728 eorundem
411 4659 604 4728 firmitatem.

1084 4751 1154 4826 69*
