3082 5128
418 393 543 446 xxxm-
558 387 664 445 satan
682 391 846 444 unauna
863 389 883 441 1.
1193 375 1265 448 561

30 587 81 652 Da
97 566 203 674 filiii
219 588 275 671 qni
304 585 453 648 mata-nra
474 592 573 647 nmtre
590 592 705 668 petunt
734 591 869 668 amano
886 580 1073 668 portionem,
1103 589 1272 666 antequam

457 688 554 752 acori
575 685 728 752 secundae
750 686 849 750 nubit.

120 795 172 860 81.
207 793 261 860 Ex
284 791 445 858 communi
467 814 529 857 usu
551 793 583 857 in
606 812 706 876 regno
736 801 846 856 nostro
869 789 1067 871 observatur,
1098 787 1184 874 quod
1206 811 1273 852 mo·

30 900 141 964 niente
163 907 276 980 matre,
300 897 456 964 bonorum
478 897 619 962 omnium
642 897 734 982 pueri
755 918 776 960 a
797 902 889 981 patre
911 895 1053 980 ipsorum
1077 890 1193 958 tollunt
1207 915 1270 957 me-

32 1003 214 1088 dietatem3
234 1011 366 1090 propter
387 999 473 1088 quod
498 1022 594 1086 saepe
616 999 759 1084 contigit,
772 997 855 1064 filios
877 1007 982 1064 aetate
999 995 1139 1085 juvenili
1161 1019 1216 1061 eos
1239 997 1273 1062 in

31 1117 130 1194 parte
151 1109 298 1172 amittere
319 1105 405 1170 bona
427 1102 534 1169 levata
554 1112 693 1190 epatre,
724 1111 756 1168 et
776 1101 935 1184 ammodo,
958 1110 1088 1190 propter
1109 1100 1274 1186 ingratitu-

33 1213 147 1278 dinem
176 1211 294 1277 factam
316 1209 410 1296 patri,
439 1217 563 1295 patrem
593 1229 657 1272 non
680 1229 849 1273 succurere
871 1205 946 1272 filiis
976 1205 1018 1271 ad
1041 1205 1180 1293 inopiam
1203 1225 1273 1281 rer·

33 1316 207 1400 gentibus3
232 1323 264 1380 et
285 1315 332 1379 sic
348 1336 391 1380 ex
405 1310 462 1378 tali
485 1311 642 1376 divisione
664 1333 739 1400 pars
762 1321 896 1398 utreque
919 1311 1016 1375 sentit
1037 1307 1273 1374 incommodum

34 1429 67 1483 et
90 1427 245 1507 reportat
277 1414 391 1483 Visum
413 1416 520 1482 extitit
543 1414 634 1481 nobis
658 1424 690 1481 et
711 1424 839 1480 nostrae
861 1414 1005 1498 militiae,
1029 1422 1065 1478 ut
1085 1421 1187 1477 matre
1209 1435 1273 1476 mo·

34 1525 149 1605 riente,
184 1521 243 1588 filii
277 1544 341 1587 non
370 1530 480 1609 petant
507 1519 666 1586 bonorum
695 1517 932 1584 obvenientium
964 1540 1006 1582 ex
1028 1515 1112 1582 linea
1141 1523 1275 1603 paterna

35 1627 178 1714 aliquam
202 1649 222 1691 a
244 1635 336 1713 patre
357 1625 547 1712 portionem,
570 1633 741 1710 antequam
764 1621 806 1688 ad
829 1622 985 1688 secundas
1009 1605 1136 1708 nuptias
1158 1640 1272 1685 convo·

33 1729 132 1814 labit,
167 1731 230 1796 nisi
255 1737 344 1812 tuno,
377 1727 467 1796 velut
488 1728 593 1795 famae
615 1749 692 1793 suae
715 1727 879 1814 prodigus,
912 1723 998 1791 bona
1025 1733 1058 1791 et
1079 1722 1274 1790 hereditates

34 1832 109 1900 illas
133 1856 320 1902 communes
342 1832 484 1898 indebite
507 1833 686 1920 dissiparet.

346 1939 395 2002 De
413 1937 565 2026 prosapia
580 1937 680 2024 fwrta
703 1936 971 2002 committentibus.

122 2043 175 2108 82.
209 2041 343 2128 Saepius
365 2043 531 2127 contingit,
562 2050 598 2107 ut
619 2039 748 2128 quidam
770 2040 810 2105 de
833 2038 959 2106 militali
991 2039 1140 2126 prosapia
1162 2059 1272 2126 proce-

39 2146 162 2230 dentes,
196 2144 299 2211 veluti
319 2146 445 2233 prodigi
476 2143 607 2211 honoris
630 2155 662 2210 et
683 2145 787 2210 famae
809 2146 962 2232 ipsorum,
994 2144 1078 2208 fruta
1100 2163 1157 2208 seu
1179 2140 1273 2206 latro-

36 2251 121 2316 cinia
143 2250 389 2328 committentes,
424 2250 489 2315 sint
509 2247 639 2336 profugi
661 2249 759 2314 nostri
790 2233 882 2334 regni
913 2255 1089 2335 spontanea
1109 2245 1274 2312 voluntate

36 2355 188 2440 ipsorum,
212 2362 245 2418 et
263 2355 311 2418 sic
323 2354 525 2420 occasionem
535 2352 700 2431 habentes,
719 2351 814 2440 plura
826 2350 909 2418 mala
921 2352 1123 2416 committunt
1145 2359 1271 2422 etcom·

37 2459 164 2524 mittere
176 2479 239 2522 non
251 2456 433 2540 formidant,
445 2479 503 2546 pro
527 2456 642 2544 quibus
665 2456 811 2522 incidunt
824 2456 858 2522 in
873 2457 953 2522 iram
975 2463 1103 2521 nostrae
1126 2453 1273 2539 indigna-

38 2564 142 2628 tionis.
171 2559 321 2642 vTandem
342 2559 382 2626 de
406 2561 585 2626 commissis
608 2559 700 2626 furtis
715 2570 748 2626 et
765 2561 881 2626 ceteris
903 2557 1028 2625 actibus
1050 2556 1143 2624 malis
1166 2557 1273 2646 poeni·

38 2671 138 2734 tentia
147 2667 243 2744 ducti,
252 2667 427 2732 amicorum
436 2687 563 2732 suorum
573 2665 800 2731 intercessione
809 2663 979 2746 mediante,
989 2673 1129 2728 nostram
1138 2661 1273 2728 clemen-

37 2774 113 2836 tiam
130 2770 301 2859 implorare
313 2778 557 2854 consueverunt,
570 2777 602 2834 et
624 2770 671 2834 sic
692 2779 821 2834 nostrae
833 2769 955 2854 gratiae
977 2767 1018 2832 de
1040 2788 1123 2833 novo
1148 2775 1271 2831 restau-

38 2885 160 2942 rantur.
184 2872 351 2957 Volumus,
363 2873 449 2962 quod
467 2874 542 2940 licat
559 2884 668 2940 nostra
686 2871 735 2940 ira
754 2875 796 2939 sit
808 2872 939 2939 dimissa
949 2871 1004 2958 :eis
1017 2880 1049 2937 et
1069 2893 1181 2960 poena,
1193 2869 1274 2936 nihi·

39 2978 176 3046 lomiuus
197 3001 257 3066 pro
280 2979 372 3044 furtis
396 2988 428 3044 et
450 2977 575 3044 damnis
599 2978 675 3044 viris
693 2980 790 3068 justis
813 2976 912 3043 illatis
935 2975 1126 3042 tenebuntur
1136 2973 1273 3062 judicis-

39 3081 109 3148 liter
137 3082 334 3171 respondere
367 3091 398 3149 et
421 3083 615 3170 satisfacere,
646 3083 742 3170 juxta
765 3083 939 3150 sententiae
970 3080 1194 3147 diffinitionem
1216 3101 1276 3168 per

34 3189 179 3272 judicem
203 3187 400 3274 deputatum,
424 3211 487 3252 non
510 3187 659 3253 obstante
681 3187 826 3274 qualibet
847 3185 1069 3266 diuturnitate,
1098 3181 1266 3249 Nihilomi-

40 3315 98 3358 nus
111 3301 145 3358 et
157 3291 309 3356 infamem
322 3291 420 3357 talem
435 3301 629 3378 reputamus,
643 3314 747 3379 neque
763 3291 834 3358 aliis
851 3290 1022 3378 nobilibus,
1037 3290 1092 3378 qui
1108 3310 1273 3377 nunquam

40 3395 159 3461 fuerint
167 3397 235 3462 sive
249 3397 415 3462 extiterint
425 3395 563 3482 profugi,
576 3397 608 3465 in
621 3396 707 3462 fama
722 3395 798 3461 etin
811 3393 1006 3461 sublimitate
1017 3395 1148 3461 honoris
1158 3393 1275 3481 poterit

40 3501 222 3588 adaequari.
247 3498 402 3566 Similiter
425 3510 457 3566 et
488 3499 577 3566 illum
605 3500 741 3566 dicimus
772 3500 933 3583 infamem,
968 3501 1022 3587 qui
1046 3498 1169 3564 occulte
1199 3498 1274 3561 insi-

40 3603 157 3670 diando
176 3603 409 3672 habitatoribus
431 3606 532 3678 nostri
555 3607 656 3690 regni,
671 3603 758 3672 fures
778 3605 930 3693 profugos
944 3613 1060 3688 servat,
1084 3611 1116 3667 et
1137 3603 1273 3690 partitur

41 3731 111 3774 cum
135 3709 182 3774 eis
205 3717 297 3796 rapta
318 3719 349 3775 et
373 3706 454 3773 male
467 3709 661 3798 conquisita3
685 3707 765 3774 tales
787 3718 997 3795 nonpossunt
1019 3705 1176 3774 aedicere
1199 3727 1272 3794 pro-

43 3811 108 3896 bos,
134 3836 206 3878 cum
229 3815 368 3900 impares
390 3813 501 3900 probis
523 3814 602 3880 viris
624 3821 821 3901 reputentur.

462 3919 511 3983 De
533 3919 639 3983 umoris
659 3917 865 3984 tatarorum.

15 4085 19 4096 ,
123 4021 176 4086 83.
212 4022 318 4104 Quum
352 4023 385 4087 in
420 4044 586 4089 usurarum
619 4025 775 4109 voragine
808 4024 849 4089 sit
879 4018 1068 4089 insatiabilis
1101 4019 1274 4106 appetitus,

42 4125 216 4191 extorsioni
248 4127 457 4212 pecuniarum
489 4127 660 4192 terminum
693 4149 756 4192 uon
788 4127 965 4214 imponens,
998 4123 1133 4214 proinde
1166 4122 1276 4187 statuit

42 4239 220 4324 nonnarum
245 4227 400 4296 baronum
424 4232 613 4296 auctoritas:
647 4229 692 4296 Ut
712 4229 839 4313 Judaei,
863 4229 939 4297 fidei
966 4238 1094 4296 nostrae
1117 4225 1207 4295 relat
1228 4225 1273 4289 in·

43 4334 109 4416 riti,
138 4331 330 4400 Christianis
361 4336 513 4421 pecunias
544 4335 687 4422 ipsorum
710 4343 903 4418 mutuantes,
939 4357 1003 4400 non
1024 4333 1096 4421 plus
1118 4353 1177 4420 pro
1198 4352 1273 4419 qua-

43 4433 120 4502 libet
141 4437 322 4523 septimana
343 4439 474 4527 exigere
496 4438 646 4523 habeant,
669 4439 732 4505 nisi
755 4446 878 4504 tantum
901 4461 997 4505 unam
1017 4445 1173 4524 quartam,
1201 4455 1273 4500 cum

43 4543 214 4626 gratiarum
244 4543 380 4610 senone.
424 4542 468 4610 Et
493 4545 521 4610 si
542 4542 670 4629 Judsei,
705 4545 760 4632 qui
787 4565 846 4632 per
872 4565 972 4610 noras
1006 4540 1211 4708 daopptiones
1233 4538 1275 4606 sd

1072 4654 1081 4706 l
