3082 5128
234 455 309 545 546
611 481 736 538 ιιιιιιιιι.
758 483 870 538 serua
881 485 1050 538 warrenna
1067 487 1088 537 1.

233 666 343 756 eomm
367 675 410 744 sit
441 675 537 741 etde
560 675 656 741 domo
678 683 738 742 aut
756 675 857 764 stirpe
880 697 990 742 eornm
1013 687 1208 764 procreatus.
1252 678 1307 744 De
1337 677 1496 743 secunda

233 791 268 846 et
287 783 380 846 tertia
401 780 574 867 genologla
594 803 652 868 per
673 778 754 847 duos
777 790 875 846 testes
899 781 1114 868 producendo.

234 903 284 1002 De
320 919 375 986 illo
395 923 460 1010 qui
476 905 634 1023 ueslaerat
659 883 797 1006 uliqueal
825 923 924 986 uitam
954 943 1042 986 suem
1069 919 1265 1008 deferrdamo
1295 933 1324 985 et
1358 915 1492 1000 asserit,

585 1015 669 1120 qztod
689 1011 745 1090 boe
761 1027 846 1113 fecit
868 1049 908 1090 ee
930 1027 1024 1092 initio
1046 1030 1122 1113 ejua

318 1156 370 1222 34.
394 1111 600 1241 Accepimus,
623 1136 709 1256 quod
722 1156 835 1222 Petrus
847 1157 1045 1244 maequendo
1068 1157 1249 1222 Jobannem
1271 1157 1432 1242 graviter
1455 1157 1488 1220 in

232 1261 339 1349 platea
362 1260 565 1339 vulneravit3
598 1249 683 1348 quod
718 1283 791 1325 eum
813 1259 1023 1327 Jobannes'
1015 1285 1049 1327 ιιι
1077 1251 1236 1349 judicium
1272 1259 1489 1335 deduxisset,

232 1366 357 1443 Petrus
381 1364 457 1430 lroet
468 1364 674 1430 confiteatur
670 1387 714 1430 se
737 1363 918 1432 Jobannem
940 1366 1149 1486 percussisse,
1172 1377 1280 1430 umen
1299 1365 1491 1444 asserebat,

232 1469 496 1550 hoessfeeisseex
519 1469 610 1546 initio
632 1468 915 1556 ipsiusthannis,
932 1471 988 1558 qui
1009 1471 1116 1556 ipsum
1138 1470 1268 1536 Petrum
1292 1469 1389 1556 prius
1418 1467 1489 1532 vul-

231 1576 372 1660 neravitJ
396 1573 483 1659 quod
505 1573 574 1659 ipse
589 1573 706 1638 Petms
728 1571 895 1660 asserebat
910 1595 944 1637 se
957 1595 1028 1638 esse
1043 1571 1261 1660 probaturum.
1285 1571 1353 1639 Nos
1368 1581 1487 1638 autem

231 1679 264 1744 in
280 1678 343 1743 tali
359 1699 457 1742 eausa
469 1674 521 1742 vel
544 1699 621 1744 essu
636 1676 849 1756 decrevimus,
872 1678 974 1764 ipsius
986 1675 1144 1744 Jobannis
1165 1675 1399 1764 probationem
1418 1677 1491 1742 fere

230 1781 462 1851 admittendam
484 1803 582 1868 super
596 1802 650 1864 eo,
673 1780 760 1868 quod
777 1781 876 1846 dum'
866 1804 900 1847 m
916 1780 1024 1868 platea
1034 1782 1180 1847 Petrus
1171 1803 1276 1868 ipsum
1288 1781 1311 1847 J
1313 1781 1489 1847 ohannem

229 1889 460 1972 insequeretur,
495 1883 734 2006 [vulneraverit
761 1907 835 1949 eum
857 1884 961 1950 dietus
991 1883 1116 1962 Petrus,
1151 1907 1214 1950 non
1243 1887 1343 1980 vitem
1369 1884 1489 1952 defen·

232 1989 348 2072 dendo,
371 1989 474 2075 sed]'
466 2013 509 2078 ιιι]
502 1991 615 2055 uriam
639 1989 701 2090 sibi
723 1987 847 2055 illatam
859 1987 1052 2073 ulelseendo,
1065 1989 1265 2077 praedictum
1289 1988 1456 2055 Jobanns
1449 2013 1489 2053 nr
1535 1995 1536 2044 l

232 2095 411 2163 dinoscitur
434 2013 631 2160 vulderasse.

501 2235 550 2300 De
573 2233 630 2327 444⁰
653 2233 709 2320 qui
731 2243 899 2297 accersatur
922 2231 1070 2322 deserto
1094 2237 1223 2320 apaan'

315 2367 381 2442 35
404 2365 498 2432 Item
508 2361 819 2430 PetrusJohannem
843 2364 972 2429 traxit
963 2387 997 2428 m
1015 2363 1185 2454 judicium,
1209 2385 1368 2447 asserens,
1395 2365 1490 2452 quod

228 2495 307 2558 apes
327 2471 395 2540 siue
411 2467 609 2536 mellifieia'
600 2471 722 2556 rpsius
714 2468 839 2534 Petrit
826 2478 970 2560 tempore
989 2478 1146 2534 nocturno
1164 2467 1274 2534 furtim
1289 2466 1331 2533 ad
1343 2467 1487 2535 domurn

229 2597 320 2640 suam
344 2575 562 2662 deportasset,
585 2573 671 2660 quod
693 2596 729 2638 se
751 2572 917 2640 asserebat
940 2555 1176 2665 probaturum..
1203 2557 1371 2638 Johannes
1399 2595 1483 2638 vero

229 2678 428 2746 diffitebatur
460 2677 522 2744 hoo
553 2701 587 2744 se
618 2677 743 2761 fecisse,
782 2677 839 2742 sed
862 2677 990 2743 dicebat
1020 2679 1182 2766 proprium
1216 2700 1308 2742 suum
1332 2677 1414 2762 mel,
1453 2689 1487 2742 nt

234 2782 386 2864 decuit,'
377 2806 408 2846 ιιι
425 2781 554 2848 domum
567 2804 658 2847 suam
670 2783 832 2868 propriam
845 2805 880 2847 se
903 2782 1101 2869 deportasse.
1125 2779 1269 2846 Tandem
1281 2781 1403 2846 Petnss
1429 2805 1488 2870 per

227 2887 371 2974 judicem
402 2885 524 2976 pluries
547 2885 772 2973 interrogatus,
809 2889 918 2974 siper
944 2909 1010 2970 eos,
1043 2887 1098 2973 qni
1127 2885 1284 2952 vidissent
1313 2907 1396 2971 apes
1426 2909 1487 2952 sen

236 2990 431 3057 mellificis
422 2991 522 3078 ipsius
545 2991 632 3056 Petri
654 2989 911 3078 perdebannem
934 2991 1034 3078 recipi
1057 2991 1120 3054 ot
1111 3015 1142 3055 ιιι
1168 3011 1257 3055 suam
1272 2987 1407 3054 domum
1433 2991 1486 3056 de-

233 3095 365 3182 portari,
399 3097 609 3161 intentionem
639 3117 729 3162 suam
759 3105 868 3183 posset
897 3093 1102 3182 approbare?
1124 3095 1221 3160 Petro
1251 3093 1486 3181 respondente

231 3199 318 3286 quod
349 3199 428 3265 tales
451 3202 585 3266 testes
576 3224 609 3265 m
632 3203 706 3266 visu
735 3199 824 3266 nullo
848 3200 942 3266 modo
964 3209 1073 3288 posset
1104 3199 1230 3265 babere.
1257 3198 1338 3264 atos
1368 3199 1485 3286 itaque
1534 3181 1535 3270 l

236 3307 403 3371 statuendo
424 3305 648 3370 decrevimus.
672 3304 711 3370 ln
732 3303 791 3370 tab
802 3327 879 3370 casu
887 3307 1106 3393 Juramentum
1120 3303 1262 3371 Jobanni
1285 3325 1358 3367 esse
1380 3305 1488 3390 impo-

229 3409 380 3494 nendum,¹
394 3410 421 3474 si
433 3409 512 3475 alias
525 3407 622 3474 fuerit
636 3408 748 3475 bonae
751 3410 866 3494 ismae,
879 3420 911 3475 et
921 3431 981 3498 pro
991 3411 1041 3476 sui
1058 3410 1291 3497 expurgatione
1309 3411 1483 3496 asserenti,

227 3514 327 3600 quod*
335 3509 501 3602 proprium
515 3536 617 3579 ‘suurn
640 3514 704 3579 mel
725 3516 760 3580 in
781 3514 911 3580 domum
935 3537 1024 3580 suam
1049 3513 1248 3600 deportabat

230 3651 280 3717 De
302 3653 360 3718 illo
390 3643 446 3740 poi
475 3653 600 3720 inuadit
629 3655 753 3719 densum
775 3653 908 3720 ulterius
930 3665 1058 3718 armata
1081 3677 1176 3718 manu
1205 3663 1235 3718 et
1263 3653 1399 3717 -eetnaa
1432 3656 1478 3718 ιἰι-

731 3757 823 3846 stipis
845 3757 956 3824 alicui.

316 3889 367 3953 36.
401 3888 575 3953 Praeterea
598 3889 713 3954 Petrus
736 3887 886 3975 deposuit
907 3897 1019 3953 eontra
1030 3886 1213 3953 Jobannem
1236 3909 1310 3952 eum
1330 3887 1478 3975 querela,

232 3991 319 4079 quod
341 3991 403 4058 sibi
427 4001 563 4079 quatuor
579 3991 738 4060 intulisset
749 3990 899 4076 vulnera3
923 3992 1090 4059 Jobannes
1112 4011 1190 4058 vero
1211 3991 1331 4058 fatetur
1353 4015 1391 4056 se
1415 3993 1482 4058 boe

229 4096 354 4186 fecisse,
377 4096 454 4181 quia
473 4105 597 4162 armata
619 4118 717 4162 manu
739 4095 1154 4184 domumipsiusJohannis
1175 4097 1357 4176 invasisset,
1382 4109 1419 4161 et
1442 4099 1475 4162 in

230 4199 342 4266 eadem
366 4201 533 4266 invasione
545 4223 699 4283 sororem,
711 4199 763 4266 vel
775 4208 924 4283 matrem,
943 4198 1009 4284 [vel
1031 4206 1189 4282 uxorem,]
1213 4199 1266 4266 vel
1281 4199 1381 4266 filiam
1403 4201 1474 4287 ejus

231 4303 449 4388 vulnerasset,
484 4304 571 4391 quod
593 4303 721 4382 vulnus,
754 4303 831 4370 lieet
851 4325 911 4390 per
939 4301 1181 4370 ministerialem
1211 4313 1424 4391 conspectum
1447 4317 1479 4370 et
1533 4337 1534 4406 J

231 4408 338 4474 visum
361 4409 461 4474 fuisse
482 4408 648 4474 obtulisse
661 4408 880 4494 probatmum,
901 4419 1009 4474 tamen
1031 4407 1116 4474 idem
1140 4406 1361 4490 ministerialis
1381 4409 1479 4474 inter-

231 4521 364 4595 rogatus
387 4535 445 4600 per
461 4513 618 4599 judicem,
639 4514 772 4598 negavit
788 4533 824 4580 se
840 4513 1041 4600 praediolum
1063 4511 1181 4580 vulnus
1202 4511 1326 4580 vidisse
1350 4524 1383 4578 et
1405 4537 1478 4578 eon·

229 4615 388 4700 spexisse.
410 4615 454 4680 Et
475 4618 553 4704 quia
563 4625 638 4703 post
658 4617 863 4702 negationem
875 4618 978 4704 ipsius
1002 4617 1231 4709 ministerialis,
1255 4617 1341 4684 idem
1354 4616 1477 4702 Joban·
