3064 5118
264 413 337 484 386
707 431 777 482 xm.
796 431 886 483 aaron
904 429 1044 484 omnen.

264 638 357 682 surus
380 619 496 682 iustam
520 625 553 683 et
575 617 751 703 legitimam
774 621 950 705 racionem;
973 621 1029 707 qui
1052 622 1202 686 sisciam
1225 628 1303 686 tunc
1325 643 1361 685 se
1383 619 1484 686 abser-

262 721 388 802 teverit,
420 731 510 788 actor
531 724 674 788 mittetur
697 745 794 788 causa
815 727 862 790 rei
886 711 1044 790 servande
1066 727 1099 788 in
1129 725 1365 812 possessionem
1389 739 1485 789 contu·

264 826 363 890 macie
397 848 456 912 pro
479 825 573 892 modo
597 827 695 893 debiti
731 827 783 893 vel
806 827 964 911 maleficii,
988 829 1020 894 in
1044 829 1158 894 litteris
1181 828 1296 895 iudicis
1330 828 1485 894 declarati.

346 931 376 995 4.
401 929 552 996 Preterea
574 933 600 995 si
623 935 694 1018 quis
716 932 871 1019 pristaldo
894 933 1127 999 contradixerit
1149 932 1201 998 vel
1227 934 1384 999 maculam
1412 934 1484 1020 obje-

263 1035 343 1099 cerit
365 1033 522 1120 falsitatis,
543 1038 571 1100 si
585 1038 690 1123 ipsum
708 1035 850 1123 legitime
870 1039 1062 1103 convincere
1085 1061 1149 1104 non
1169 1041 1294 1125 poterit,
1313 1036 1421 1104 solvet
1440 1061 1484 1124 pro

265 1137 384 1205 iudicio
407 1161 547 1205 marcam
568 1163 676 1207 unam,

349 1245 379 1308 5.
405 1247 484 1311 ltem
508 1247 536 1310 si
558 1249 630 1334 quis
652 1246 842 1332 pristaldum
861 1247 1088 1330 verberaverit,
1108 1247 1160 1312 vel
1177 1247 1339 1313 hominem
1364 1247 1484 1335 capituli

262 1349 372 1416 datum
394 1374 453 1438 pro
476 1354 669 1435 testimonio,
694 1353 858 1418 convictus
879 1361 985 1418 temen
1005 1352 1156 1440 legitime,
1180 1375 1261 1440 pene
1284 1351 1395 1418 decem
1413 1376 1483 1417 mar·

261 1477 370 1522 carum
394 1454 581 1523 subiacebit.
670 1505 671 1508 ,

346 1562 372 1626 6,
397 1560 432 1626 Si
455 1564 527 1648 quis
551 1571 657 1627 autem
681 1562 713 1626 in
734 1555 840 1648 ligura
861 1563 972 1628 iudicii
985 1561 1100 1628 litteris
1113 1562 1244 1648 capituli
1263 1565 1382 1628 vicium
1395 1586 1481 1650 oppo-

260 1667 359 1754 suerit
381 1665 538 1749 falsitatis,
554 1676 585 1732 et
605 1689 669 1732 non
693 1668 870 1732 convicerit
885 1669 977 1754 regni
992 1667 1142 1753 legitimis
1158 1666 1366 1752 documentis,
1380 1667 1479 1733 decen

260 1788 439 1835 marcarum
461 1792 577 1856 penam
601 1769 713 1835 solvet.
1202 1773 1203 1781 ’

281 1897 293 1906 ’·
314 1864 316 1869 ’
346 1873 373 1937 l.
398 1874 548 1938 Ceterum
571 1896 643 1939 oum
661 1875 732 1960 quis
744 1876 777 1938 in
801 1897 897 1939 causo
909 1875 1095 1961 pecuniaria
1112 1875 1375 1960 condempnatus,
1391 1875 1478 1939 iudici

259 1976 310 2040 vel
334 1977 519 2042 adversario
543 2000 600 2064 suo
623 1999 725 2064 usque
748 1977 790 2042 ad
812 1977 988 2044 seeundum
1018 1979 1188 2043 terminum
1220 1979 1402 2044 satisfacere
1424 2001 1477 2042 noo

259 2079 428 2164 curaverit,
452 2083 485 2146 in
508 2083 606 2148 tercio
630 2082 765 2147 termino
789 2103 871 2146 unus
894 2081 934 2145 de
956 2081 1114 2146 iudicibus
1138 2104 1352 2174 perlregnum
1375 2084 1477 2147 consti-

259 2185 334 2249 tutis
356 2185 415 2250 ibit
436 2207 510 2252 cum
532 2185 660 2250 homins
684 2187 851 2251 comitatus
876 2185 1104 2271 Zegrabiensis
1127 2185 1179 2250 vel
1204 2185 1376 2251 Crisiensis
1398 2185 1475 2250 adbi-

257 2287 324 2372 bito
342 2289 524 2356 testimonio
548 2289 678 2378 capituli
701 2289 928 2375 Zagrabiensis
951 2290 1002 2354 vel
1016 2289 1233 2372 Chasmensis,
1258 2300 1289 2355 et
1322 2290 1362 2355 de
1396 2291 1474 2354 bonis

258 2413 314 2457 seu
336 2391 433 2459 rebus
452 2396 647 2460 contumacis
675 2395 765 2458 iuxta
780 2394 970 2480 condignam
988 2395 1215 2460 estimacionen
1240 2396 1360 2459 iustum
1381 2395 1474 2478 exiget

257 2496 442 2564 iudicatum.
465 2497 503 2563 In
524 2498 651 2584 peculio
678 2508 783 2563 autem
807 2500 907 2584 petito
930 2520 1046 2584 magne
1069 2499 1265 2584 quantitatis,
1288 2498 1417 2574 iudices,
1436 2499 1471 2560 in·

257 2611 366 2687 specta
389 2601 543 2688 qualitate
565 2624 782 2689 personarum,
807 2603 980 2668 secundum
1013 2627 1103 2668 suam
1126 2603 1357 2669 discrecionem
1379 2599 1469 2665 mole·

256 2703 412 2790 rabuntur
433 2707 586 2772 terminos
608 2727 667 2793 pro
690 2705 907 2771 solucionibus
930 2706 1094 2771 faciendis.

342 2807 371 2874 8.
395 2807 474 2875 Item
488 2811 514 2873 si
530 2811 602 2896 quis
615 2807 707 2876 elteri
716 2810 837 2874 crimen
853 2809 1007 2876 obiecerit
1019 2809 1085 2874 lese
1100 2810 1283 2893 maiestatis,
1296 2808 1348 2875 vel
1370 2807 1469 2874 dixerit

256 2915 341 3000 quod
364 2913 477 2979 falsam
499 2914 608 2979 incudi
629 2913 726 2980 faciat
748 2923 918 2998 monetam,
943 2915 969 2979 si
992 2917 1184 2980 convincere
1204 2936 1268 2978 non
1289 2915 1412 3001 poterit,
1425 2933 1466 2997 pe·

256 3041 330 3083 nam
353 3019 418 3106 pati
442 3017 557 3084 debeat
579 3017 717 3106 talionis.

341 3124 369 3190 9.
393 3121 553 3188 Statutum
575 3121 636 3187 fuit
648 3123 760 3204 eciam,
777 3124 804 3188 si
817 3125 888 3209 quis
905 3133 1016 3188 contra
1039 3123 1173 3188 alterum
1191 3124 1224 3186 in
1235 3122 1355 3188 iudicio
1372 3138 1465 3207 propo

256 3229 364 3310 suerit,
388 3225 473 3314 quod
496 3227 530 3292 in
552 3247 651 3312 regno
675 3227 770 3292 ducat
792 3229 891 3292 vitem
907 3225 1036 3312 publice
1051 3227 1225 3292 violentam
1238 3239 1269 3290 ot
1292 3247 1356 3290 non
1377 3222 1466 3289 convi-

256 3334 335 3398 cerit
357 3331 533 3398 secundum
556 3331 632 3395 iuris
655 3353 850 3417 processum,
874 3331 978 3397 solvet
995 3331 1119 3396 dimidii
1139 3329 1304 3396 homicidii
1323 3328 1467 3399 iudicium,

255 3458 369 3524 pensae
393 3435 515 3502 scilicet
537 3436 722 3522 sexaginto3
746 3437 871 3501 sivero
905 3445 994 3501 ector
1021 3437 1223 3524 proposuerit
1252 3444 1364 3500 contra
1385 3451 1467 3529 reum,

255 3541 339 3628 quod
363 3541 432 3627 ipse
453 3561 562 3606 rerum
585 3561 714 3605 suarum
736 3538 787 3603 fur
809 3541 952 3605 extiterit
986 3541 1054 3605 sive
1078 3539 1158 3606 latro
1182 3546 1214 3603 et
1243 3537 1384 3623 legitime
1415 3555 1466 3598 non

255 3645 439 3728 convicerit,
461 3643 580 3710 iudicio
603 3643 666 3710 due
689 3641 800 3710 solvet.

342 3749 391 3816 10.
415 3749 543 3835 Siquis
566 3759 672 3815 autem
695 3751 728 3813 in
739 3749 857 3814 iudicio
878 3750 1066 3834 constitutus
1095 3749 1313 3813 adversarium
1337 3767 1425 3810 sunm
1445 3742 1471 3804 in

254 3855 421 3940 presencia
442 3853 558 3919 iudicis
580 3853 819 3940 vituperaverit,
842 3853 996 3919 iudicium
1018 3853 1128 3938 lingue
1159 3852 1271 3934 solvet,
1294 3849 1415 3916 scilicet
1433 3847 1471 3910 vi·

254 3961 335 4042 ginti
358 3960 497 4044 quinque
520 3981 645 4044 pensas.
689 3958 726 4023 In
748 3957 927 4038 minoribus
949 3967 1057 4024 autem
1087 3959 1193 4022 causis
1224 3958 1391 4021 convietus
1413 3949 1470 4016 eolo

252 4061 370 4127 iudicio
393 4074 596 4148 aggravatur.

339 4163 390 4232 11.
412 4165 494 4232 Item
519 4169 546 4233 si
568 4168 619 4233 cui
643 4165 911 4234 obiectumfuerit
924 4171 956 4233 in
975 4165 1104 4250 iudicio,
1127 4167 1214 4253 quod
1236 4187 1332 4252 super
1357 4164 1471 4230 domum

253 4271 382 4336 alterius
398 4293 495 4336 manu
517 4273 641 4339 venerit
662 4272 813 4356 violenta,
838 4279 869 4337 et
890 4293 953 4338 non
974 4273 1150 4338 convicerit
1169 4273 1293 4337 iusticia
1314 4271 1471 4348 mediante,

253 4369 404 4441 iudicium
429 4375 549 4464 duplex
572 4376 685 4443 solvet.

314 4473 387 4568 [12.
410 4479 580 4546 Adiectum
602 4479 662 4546 fuit
688 4483 790 4547 eciam
812 4481 985 4567 premissis,
1009 4481 1096 4567 quod
1126 4479 1158 4545 in
1189 4479 1334 4566 quolibet
1364 4497 1467 4567 genere
