3082 5128
231 417 305 492 540
607 445 733 500 xxxrn.
754 449 859 501 sana
875 449 1044 502 warrenna
1063 450 1084 502 1.

230 643 352 730 ubsque
376 639 509 730 speciali
527 639 648 729 judicis
670 639 822 706 mandato
846 642 1028 707 citationem
1041 642 1148 708 faeere
1167 665 1231 708 non
1244 653 1484 731 praesumant;

229 747 309 816 alias
332 748 542 836 praemissam
554 767 701 833 poenam,
724 745 757 810 in
780 744 863 811 faeie
885 744 1097 830 adustionem,
1121 770 1185 815 non
1208 749 1372 814 immerito
1391 757 1484 836 pota·

232 855 297 918 rint
319 851 493 918 formidare
516 859 548 917 et
569 851 603 916 in
626 851 734 939 specie
757 848 886 916 babere.

235 1038 283 1102 Dc
309 1037 371 1102 tiis
398 1038 454 1122 qui
482 1059 551 1102 eum
580 1037 700 1125 impetn
732 1046 761 1102 et
793 1039 929 1126 strepitu
950 1035 1079 1102 acciunt
1100 1037 1145 1103 ud
1158 1037 1292 1124 judicia
1308 1062 1377 1127 pro
1403 1063 1476 1106 con-

613 1144 798 1229 aaapuincis
819 1153 849 1207 at
871 1141 1081 1210 causor-itm.

316 1271 368 1336 20.
391 1268 586 1360 Plerumque
603 1273 648 1356 fit,
672 1270 757 1360 quod
774 1270 873 1360 aliqui
891 1281 1022 1360 propter
1033 1295 1148 1338 causas
1159 1275 1481 1360 consanguineorum

227 1375 281 1442 vel
308 1375 514 1442 familiarium
538 1399 667 1459 suorum
692 1375 734 1441 ad
750 1375 878 1464 judicis
899 1377 1076 1456 venientes,
1098 1399 1157 1464 per
1180 1377 1348 1465 strepitum
1363 1389 1401 1444 ct
1421 1380 1481 1444 im-

227 1489 399 1568 portunam
424 1502 535 1546 eorum
558 1477 833 1564 acclamationem,
864 1481 1055 1546 sententiam
1078 1503 1136 1547 seu
1158 1481 1326 1548 victoriam
1356 1501 1479 1549 eausa-

229 1608 301 1650 rum
325 1585 431 1650 solent
453 1585 641 1674 deportare;
666 1585 804 1674 desuper
824 1583 886 1650 hoe
916 1585 1088 1672 providere
1104 1584 1258 1662 volentes,
1280 1589 1477 1654 statuimus:

229 1688 326 1771 Quod
348 1688 502 1778 deinceps
525 1690 706 1778 quisquam,
729 1689 962 1782 cujuscumque
986 1697 1088 1756 status
1110 1689 1163 1755 vel
1187 1689 1381 1757 conditionis
1408 1693 1477 1757 exi-

228 1802 300 1877 stat,
330 1803 462 1882 propter
492 1816 622 1860 eausam
646 1795 878 1882 consanguinei
909 1802 965 1860 aut
986 1793 1154 1861 familiaris
1189 1804 1245 1861 aut
1266 1797 1478 1876 servitorum,

227 1898 270 1963 ad
287 1899 449 1986 judicium
472 1900 582 1965 venire
605 1921 669 1965 non
693 1908 878 1986 praesumat
900 1898 956 1965 tali
979 1898 1093 1985 modo;
1116 1900 1171 1987 qui
1184 1901 1211 1965 si
1229 1907 1340 1966 contra
1360 1900 1478 1966 facere

227 2005 487 2091 praesumpserit,
510 2025 625 2092 poena,
649 2002 862 2090 quaedicitur
871 1991 1153 2090 piacaoudzesezc,
1176 2011 1304 2070 nostrae
1318 2027 1474 2071 camerae

227 2105 420 2195 applicanda
441 2109 604 2196 puniatur.

227 2291 277 2357 Dc
299 2293 362 2358 tiis
384 2296 441 2382 qui
463 2295 656 2360 consmittuat
678 2295 815 2382 aliquod
838 2295 954 2360 omnmo
984 2317 1023 2359 aaa
1051 2294 1202 2360 mandute
1230 2316 1358 2360 ιιιιοπιιη
1378 2317 1474 2383 aupe-

638 2403 759 2466 rdorurn
779 2399 828 2466 val
849 2400 1054 2466 (leoninorum.

316 2531 367 2597 21.
393 2529 537 2618 Contigit
559 2533 667 2615 etism,
690 2531 778 2619 quod
800 2531 876 2597 dum
900 2529 999 2618 aliqui
1016 2554 1074 2619 pro
1090 2529 1344 2618 quibuscumque
1361 2529 1470 2595 crimi-

228 2635 322 2703 nibus
346 2644 378 2702 ct
401 2635 525 2702 delictis
549 2637 591 2702 ad
613 2646 756 2704 noenum
780 2635 973 2703 evidentiam
1008 2645 1192 2718 evocentur,
1223 2635 1392 2701 nominant
1416 2633 1470 2700 do

227 2741 332 2806 minos
355 2750 387 2806 et
409 2739 569 2828 quoslibet
591 2763 701 2806 eorum
723 2741 914 2828 superiores,
937 2739 1025 2827 quod
1047 2739 1236 2805 auctoritate
1259 2747 1291 2803 et
1313 2735 1466 2804 mandato

228 2867 358 2910 suorum
390 2846 591 2911 dominorum
622 2854 655 2912 et
677 2848 877 2933 superiorum
912 2841 1096 2932 hujusmodi
1127 2844 1262 2908 crimina
1292 2850 1324 2908 et
1346 2841 1466 2908 delicta

228 2951 456 3016 commiserint.
481 2949 709 3018 Verumtamen
721 2953 869 3038 quamvis
884 2949 1161 3017 eonuarationem
1170 2948 1331 3035 aliquibus
1340 2955 1462 3034 tempo

228 3052 317 3120 ribus
329 3054 426 3120 fuerit
443 3053 660 3139 observatum,
682 3055 867 3143 hujusmodi
889 3053 1181 3140 malefactoresper
1204 3051 1339 3118 eandem
1362 3052 1464 3116 nomi·

229 3159 391 3224 nationem
413 3183 433 3225 a
454 3181 561 3248 poena
582 3157 811 3245 liberabantur,
835 3182 918 3247 quae
942 3161 1085 3224 continet
1103 3159 1135 3224 in
1152 3181 1187 3223 se
1205 3179 1347 3223 errorem
1370 3153 1466 3222 intol-

230 3262 406 3348 lerabilem,
430 3287 472 3329 ex
499 3285 547 3348 eo,
581 3264 667 3352 quod
697 3263 819 3330 directe
849 3264 1062 3330 contrariatur
1090 3271 1263 3351 praecepto
1294 3261 1464 3327 dominico.

229 3367 325 3434 Unde
354 3390 412 3434 nos
434 3366 645 3454 attendentes,
671 3369 759 3458 quod
780 3391 886 3456 poena
908 3390 983 3434 suos
1006 3376 1114 3434 teneat
1135 3364 1357 3432 tantummodo
1378 3375 1463 3431 acto-

229 3495 290 3556 res,
315 3480 348 3538 et
369 3469 546 3540 secundum
569 3477 755 3541 canonicam
777 3473 972 3562 aequitatem
1007 3471 1181 3540 nominatio
1204 3473 1237 3536 in
1260 3469 1387 3537 delictis
1403 3491 1463 3535 non

230 3576 380 3644 vendicat
402 3578 465 3644 sibi
487 3577 603 3662 locum,
627 3579 812 3645 statuimus:
842 3577 938 3661 Quod
960 3579 1050 3643 citati
1072 3599 1130 3666 pro
1141 3573 1340 3663 quibuslibet
1362 3573 1463 3640 crimi-

229 3679 324 3747 nibus
348 3691 380 3748 et
402 3682 527 3749 delictis
550 3685 583 3748 in
606 3691 715 3750 nostro
746 3680 866 3771 judicio
896 3682 1084 3770 judicentur
1106 3691 1137 3746 et
1159 3679 1357 3768 respondere
1379 3688 1461 3744 tenc-

229 3795 332 3870 antur,
367 3795 399 3854 et
421 3789 560 3854 convicti
582 3789 690 3856 debita
718 3807 823 3876 poena
844 3789 1028 3876 puniantur,
1063 3809 1127 3852 non
1151 3785 1302 3853 obstante
1323 3781 1462 3872 qnalibet

229 3891 395 3976 praedicta
424 3893 651 3978 nominatione,
686 3894 810 3959 etiamsi
840 3915 937 3980 super
966 3891 1028 3956 boc
1050 3891 1167 3956 nostris
1201 3887 1381 3977 privilegiis
1411 3885 1460 3950 vel

230 4003 413 4061 nostrorum
428 3997 712 4084 praedecessorum
726 4005 835 4064 essent
850 3995 1054 4080 communiti3
1071 4019 1154 4084 quae
1171 4002 1328 4083 quantum
1340 3991 1380 4058 ad
1391 3989 1460 4070 boc,

230 4109 264 4163 ut
286 4101 466 4186 perniciosa
487 4113 520 4168 et
542 4125 685 4187 erronea,
720 4124 884 4170 cassamus
907 4109 940 4168 et
962 4103 1124 4168 irritamus
1148 4111 1178 4166 et
1200 4119 1401 4165 revocamus.
1425 4094 1460 4160 In

229 4201 431 4270 hereditariis
453 4229 530 4273 vero
561 4215 593 4274 st
615 4205 811 4295 quibuslibet
840 4205 912 4273 aliis
943 4203 1184 4294 quaestionibus
1214 4226 1274 4292 per
1297 4205 1409 4269 citatos
1431 4201 1460 4266 in

229 4317 337 4375 nostro
359 4309 484 4397 judicio
507 4313 672 4396 nominati,
702 4309 782 4377 tales
803 4312 831 4376 si
853 4321 995 4376 nostram
1023 4309 1282 4399 jurisdictionem
1304 4305 1458 4372 volueriut

230 4411 402 4498 declinare,
425 4413 571 4482 nolentes
594 4415 625 4480 in
648 4417 838 4503 serseipere
861 4418 1066 4503 quaestiones
1085 4412 1225 4496 easdem,
1250 4411 1458 4483 decrevimus,

229 4519 316 4604 quod
331 4529 449 4584 extunc
465 4521 620 4607 praedicti
637 4521 734 4604 citati,
758 4521 988 4608 cujuscumque
1010 4520 1075 4585 sint
1091 4517 1282 4584 conditionis
1306 4523 1458 4590 statatum,

230 4619 406 4686 habeantur
429 4644 486 4706 pro
508 4625 673 4690 convictis.
