3082 5128
461 457 586 510 XXXIII.
606 457 712 511 Statuta
729 459 898 513 Wisliccnsia
914 461 935 512 1.
1235 451 1309 522 555

51 639 206 708 bundas
228 645 357 729 matris3
380 667 439 710 nos
462 645 571 732 itaque
593 648 626 711 in
648 646 705 712 tuli
734 648 830 712 simili
853 671 930 714 casu
953 649 1170 718 decernimus:
1205 653 1310 742 Caput

48 748 185 812 matris
208 748 443 816 exsolvendum
466 773 524 816 seu
546 749 766 818 obtinendum.

291 915 341 980 De
364 916 590 1006 diucqoutibus
612 929 641 982 et
662 921 799 1008 rapinas
822 919 1091 986 committentibus.

156 1045 212 1110 62.
248 1045 331 1112 Sunt
351 1045 506 1135 nonnulli,
539 1049 594 1134 qui
617 1071 675 1138 per
695 1045 955 1116 indiscretionem
978 1053 1098 1118 victum
1120 1049 1207 1135 longi
1229 1059 1306 1114 tem-

51 1151 158 1232 poria
183 1147 275 1215 brevi
299 1150 378 1215 hora
409 1161 642 1230 consumentes,
670 1163 837 1220 assumunt
859 1155 921 1220 sibi
954 1165 1047 1220 extra
1067 1157 1197 1242 propria
1218 1177 1307 1219 occa-

53 1253 196 1318 sionem
220 1253 405 1340 divagandi,
440 1265 471 1320 et
493 1254 600 1322 taliter
622 1257 821 1343 divagantes,
851 1259 956 1325 aliena
978 1282 1092 1347 rapere
1114 1283 1176 1324 non
1201 1259 1307 1322 formi-

53 1353 156 1423 dant.
203 1357 251 1422 Ut
271 1359 370 1443 igitur
402 1358 484 1426 tales
507 1384 527 1426 a
549 1360 692 1448 qualibet
714 1364 881 1429 occasione
904 1363 1077 1449 divagandi
1107 1362 1219 1428 saltem
1243 1361 1305 1427 ior-

54 1459 194 1525 midine
216 1484 339 1548 poenae
369 1463 583 1549 retrahantur,
604 1468 785 1532 statuimus:
820 1467 915 1548 Quod
937 1466 1043 1534 taliter
1064 1468 1253 1552 divagantes
1276 1475 1308 1530 st

55 1565 202 1650 rapinas
225 1569 458 1633 committentes
481 1568 679 1656 quibuslibet
700 1570 793 1636 bonis
812 1572 964 1658 ipsorum,
987 1594 1070 1659 quac
1083 1571 1211 1654 habent,
1236 1571 1305 1658 ipso

53 1667 151 1733 facto
177 1670 242 1734 sint
259 1671 413 1756 puniendi
438 1681 470 1738 et
490 1673 648 1760 privandi.
671 1673 758 1740 Etsi
780 1676 950 1762 contigerit
960 1675 1143 1764 hujusmodi
1154 1676 1307 1760 fugitivos

52 1785 91 1838 et
126 1774 320 1860 divagantes
350 1786 479 1843 nostrae
508 1780 632 1863 gratiae
662 1779 874 1864 reconciliari,
909 1778 1056 1846 volumus
1086 1778 1303 1861 nihilominus,

56 1881 152 1963 quod
178 1880 262 1945 inter
283 1903 359 1948 suos
381 1905 475 1970 pares
492 1891 529 1949 ut
550 1871 689 1952 infames
708 1884 897 1954 habeantur.

56 2047 112 2108 De
147 2047 422 2130 ministerialibus,
460 2049 543 2135 quod
572 2052 706 2115 occisum
726 2073 789 2115 nou
819 2051 927 2115 debant
948 2051 1087 2137 spoliare
1107 2053 1144 2115 iu.
1164 2049 1307 2132 uestibus,

326 2154 451 2240 quando
473 2165 626 2220 uocantur
648 2155 882 2220 adridendum
904 2156 1046 2223 occisum.

150 2285 205 2350 63.
229 2285 470 2352 Consuetudine
481 2285 683 2372 iniquissima
702 2285 954 2351 ministerialium
979 2285 1085 2351 extitit
1106 2285 1174 2352 fore
1197 2287 1303 2352 obser-

54 2397 187 2470 vatum,
218 2389 405 2474 quoddam
429 2388 471 2454 ad
492 2387 631 2475 aliquem
660 2391 801 2455 occisum
825 2391 859 2454 in
881 2390 935 2455 via
956 2389 1164 2474 vocabantur,
1201 2391 1303 2477 ipsum

57 2491 222 2576 vestibus,
245 2495 277 2558 in
302 2493 419 2580 quibus
443 2494 548 2560 iuerat
570 2495 705 2578 occisus,
734 2495 810 2582 jure
831 2495 983 2582 ipsorum,
1014 2493 1100 2582 quod
1122 2495 1183 2583 ipsi
1206 2495 1304 2558 nomi·

56 2605 144 2662 nant
166 2598 332 2683 marouwa,
357 2597 587 2688 exspoliabant.
627 2597 722 2664 Unde
752 2621 810 2664 ncs
840 2597 1055 2682 providentes,
1080 2621 1151 2664 curn
1175 2597 1303 2663 afflictis

55 2725 128 2766 non
151 2704 196 2790 ait
217 2701 366 2770 addenda
388 2705 525 2792 privatio
549 2725 605 2768 seu
628 2702 770 2787 afflictio,
805 2702 926 2768 eisdem
949 2701 1210 2769 ministerialibus
1233 2725 1303 2789 pro·

54 2806 213 2872 bibemus
236 2807 277 2872 de
300 2816 406 2874 cetero
430 2807 590 2894 quoslibet
604 2809 727 2898 occisos
750 2805 887 2895 spoliare
910 2807 980 2873 sive
998 2831 1133 2892 exuerc3
1157 2808 1213 2872 scd
1236 2817 1302 2870 tan-

55 2912 227 2978 tummodo
243 2935 307 2980 unc
318 2921 675 2998 mossocontentcntur,
699 2933 792 2999 quern
806 2911 1008 2978 decernimus
1020 2911 1140 2976 eisdem
1163 2912 1303 2976 dandum

54 3037 120 3101 pro
144 3015 256 3082 labore
280 3039 339 3106 per
361 3039 443 3102 cum,
467 3018 522 3103 qui
538 3017 579 3082 ad
595 3017 735 3104 aliquem
759 3018 899 3082 occisum
917 3019 1138 3103 procuraverit
1160 3039 1215 3082 eos
1229 3038 1302 3081 evo·

54 3121 139 3202 cari,
161 3119 266 3186 donec
289 3121 401 3188 eodem
425 3123 478 3188 val
495 3121 534 3188 de
550 3121 662 3188 codem
686 3121 857 3187 homicidio
880 3123 1024 3208 quaestio
1047 3121 1187 3186 totaliter
1209 3119 1303 3183 fauerit

54 3224 208 3291 diffinita.

238 3395 288 3460 De
310 3395 379 3460 illis
401 3398 457 3482 qui
473 3405 610 3482 pascunt
633 3394 710 3458 aliis
723 3393 878 3479 jumentis
901 3402 929 3455 u
943 3391 1127 3478 pecudibus.

145 3527 198 3590 64.
221 3525 266 3590 Ut
283 3525 418 3612 quilibet
431 3527 613 3611 proximum
629 3524 742 3610 vigilet
760 3523 944 3589 indemnem
967 3523 1072 3586 causis
1096 3541 1296 3601 conservare,

56 3631 84 3691 ai
111 3631 185 3715 quis
208 3627 340 3695 alterius
355 3633 478 3694 semina
489 3631 645 3715 jumentis
667 3626 718 3692 vel
731 3625 927 3713 quibuslibet
938 3625 1108 3714 pecoribus
1125 3624 1299 3711 majoribus

57 3735 224 3821 depascat,
250 3737 435 3800 statuimus:
460 3734 555 3815 Quod
578 3755 636 3822 pro
659 3731 802 3819 quolibet
820 3731 966 3817 jumento
990 3728 1042 3795 vel
1064 3751 1179 3818 pecore
1203 3751 1297 3794 unam

56 3847 208 3924 quartam
232 3839 436 3905 decurionum
460 3861 556 3926 passo
569 3840 720 3905 damnum
744 3838 782 3919 is,
805 3837 895 3922 cujus
919 3835 1037 3900 luerint
1054 3834 1212 3921 jumenta,
1237 3829 1296 3897 sol-

55 3967 135 4008 vere
157 3952 315 4010 teneatur.
1308 3973 1328 4018 0

56 4112 106 4176 De
129 4111 187 4176 illo
211 4113 267 4198 qui
282 4111 413 4198 patitur·
435 4109 583 4174 domnum
605 4109 640 4172 in
654 4107 819 4194 frumento
830 4129 892 4193 per
907 4107 1061 4190 jsomeuta,
1085 4103 1169 4188 quod
1192 4103 1297 4166 eadam

56 4217 208 4280 seruando
226 4239 287 4304 per
308 4225 425 4279 noctem
446 4215 634 4279 solummodo
661 4213 704 4276 ad
727 4211 947 4276 castellaniam
970 4208 1122 4296 depellere
1145 4217 1294 4270 tencatur.

143 4347 195 4412 65.
218 4345 272 4412 Ad
286 4345 471 4412 evitandum
483 4353 589 4410 autem
605 4343 781 4430 quamlibet
794 4340 1045 4422 altercationem,
1069 4336 1272 4401 decernimus
1286 4358 1293 4400 ι

59 4451 154 4533 Quod
176 4451 217 4516 ad
244 4453 472 4538 proximiorem
499 4449 719 4531 castellanum,
743 4449 812 4512 sive
835 4448 956 4512 curiam
983 4440 1189 4507 castellaniae
1220 4441 1291 4504 sive

58 4559 186 4645 regalis,
222 4558 291 4622 siva
321 4557 550 4642 cujuscumque
580 4554 712 4619 alterius
741 4551 872 4638 judicis,
909 4549 1021 4614 eadem
1055 4547 1202 4632 jumenta
1224 4565 1293 4629 pas·

1010 4635 1084 4708 70*
