3082 5128
550 1281 832 1359 XXXV.

416 1483 629 1590 Statuta
665 1485 973 1595 Wartensia

617 1642 772 1747 1423.

159 1875 198 1968 [Ι.
222 1879 380 1947 Perverse
401 1881 600 1949 consuetudo
623 1884 657 1948 in
674 1883 922 1970 transpositione
938 1885 1147 1951 terminorum
1159 1885 1311 1974 colloquii

65 1985 237 2069 generalis
260 1995 293 2052 et
315 1985 557 2074 particularium
581 1991 791 2052 terminorum
814 2009 833 2053 a
855 1988 973 2052 nostris
997 1987 1135 2054 subditis
1156 1989 1312 2055 hactenus

68 2087 276 2176 servabatur,
299 2090 385 2155 unde
408 2089 538 2156 diversa
546 2092 734 2179 juramenta
757 2101 790 2156 et
811 2093 956 2180 perjuria
968 2092 1155 2158 oriebantur
1173 2103 1205 2158 et
1222 2094 1310 2158 infir-

65 2195 198 2258 mitates
220 2193 350 2260 fictivas
377 2193 610 2281 allegabantur.
650 2193 745 2260 Unde
774 2193 895 2260 talibus
925 2195 1057 2261 obviare
1081 2195 1239 2279 volentes,
1270 2197 1310 2262 dc

66 2297 216 2362 unanimi
240 2321 400 2364 consensu
420 2298 638 2386 praelatorum
661 2309 693 2364 et
716 2296 874 2365 baronum
893 2307 1085 2384 nostrorum,
1104 2299 1202 2366 talem
1226 2301 1310 2367 ordi-

66 2424 146 2466 nem
169 2401 202 2466 in
227 2402 467 2489 praedictorum
490 2403 740 2490 transpositione
757 2403 968 2469 terminorum
979 2402 1128 2470 volumus
1152 2427 1172 2469 a
1192 2406 1311 2470 nostris

68 2504 213 2571 subditis
245 2505 315 2571 fore
346 2505 596 2591 observandum,
630 2515 665 2573 ut
694 2507 861 2595 praedicta
891 2499 1033 2595 perjuria
1066 2519 1098 2573 et
1122 2508 1310 2595 juramenta

67 2610 155 2676 falsa
186 2609 386 2679 decidantur.
430 2611 473 2676 Et
496 2613 599 2699 primo
623 2611 844 2678 decernimus:
873 2611 969 2694 Quod
998 2613 1129 2678 termini
1159 2610 1309 2700 colloquii

66 2713 236 2800 generalis
259 2715 367 2782 taliter
389 2717 422 2782 in
440 2715 566 2804 judicio
596 2725 755 2782 terrarum
779 2726 961 2782 nostrarum
992 2718 1026 2782 in
1048 2725 1144 2784 antea
1166 2725 1311 2804 transpo-

66 2829 211 2904 nantur;
245 2819 408 2904 videlicet,
432 2821 519 2908 quod
540 2823 679 2909 primum
702 2823 874 2888 terminum
897 2843 955 2910 per
978 2821 1157 2910 simplicem
1180 2823 1312 2888 infirmi·

67 2935 170 2989 tatem
195 2934 388 3012 prorogent3
420 2925 598 2990 secundum
625 2947 703 2992 vero
726 2947 784 3012 per
813 2947 924 2993 reram
948 2925 1167 2991 infirmitatem
1189 2925 1312 3013 absque

66 3027 276 3095 confessione
301 3037 334 3094 et
356 3026 551 3113 allegatione
573 3027 733 3116 capellani
757 3039 983 3116 transponant;
1010 3053 1068 3116 pro
1092 3053 1156 3118 qua
1177 3029 1312 3095 intirmi·

68 3141 148 3218 tate,
179 3134 215 3197 in
245 3133 339 3199 tertio
373 3135 521 3217 termino,
545 3134 574 3198 si
596 3134 751 3220 paruerit,
781 3134 1003 3222 juramentum
1025 3131 1192 3220 corporale
1222 3157 1312 3221 prae-

69 3235 183 3320 stabit,
208 3235 295 3322 quod
317 3246 395 3306 tuuc
418 3259 496 3304 vera
518 3237 704 3302 infirmitate
727 3237 832 3302 fuerat
861 3235 1043 3304 innodatus.
1089 3237 1126 3303 Si
1149 3247 1256 3304 autem
1278 3240 1311 3303 in

66 3341 186 3406 eadem
209 3340 396 3408 infirmitate
420 3339 594 3406 casualiter
623 3341 824 3429 perduraret,
848 3351 925 3408 tunc
956 3343 1050 3408 tertio
1072 3347 1191 3430 poterit
1210 3351 1312 3408 trans·

64 3468 200 3534 ponere,
224 3455 257 3511 et
271 3443 406 3533 jurabit,
431 3444 519 3532 quod
534 3455 630 3533 prout
637 3443 772 3533 jacebat
794 3447 911 3534 inipso
924 3445 1119 3529 infirmitate,
1144 3447 1311 3535 hucusque

65 3574 134 3616 non
159 3548 345 3629 convaluit3
369 3559 401 3616 et
423 3549 631 3615 nihilominus
654 3551 689 3615 in
711 3561 827 3636 quarto
850 3550 1013 3637 colloquio
1037 3551 1182 3637 generali
1195 3572 1310 3640 parcre

66 3653 209 3738 studeat,
232 3663 289 3721 aut
310 3663 555 3742 procuratorem
577 3664 703 3720 certum
716 3655 933 3720 transmittere
956 3677 1021 3720 non
1040 3664 1220 3743 postponat,
1234 3655 1310 3720 alio·

66 3760 148 3848 quin
173 3781 305 3824 causam
328 3761 462 3827 amittet,
484 3797 529 3808 —
550 3757 643 3826 Idem
666 3757 816 3824 volumus
840 3759 881 3824 ds
900 3760 1046 3824 terminis
1059 3757 1310 3846 particularibus

66 3863 250 3948 observari,
273 3862 361 3949 quod
384 3865 524 3950 primum
549 3871 581 3928 et
604 3862 781 3929 secundum
804 3855 958 3930 tcrininos
981 3885 1040 3950 per
1063 3863 1241 3953 simplicem
1265 3865 1312 3929 in·

67 3968 259 4033 firmitatem
282 3966 404 4033 subditi
426 3968 528 4033 nostri
551 3975 765 4055 transponere
788 3965 935 4051 valeant3
960 3969 1090 4033 tertium
1105 3990 1181 4034 vero
1203 3969 1312 4034 termi-

69 4096 161 4154 num,
182 4071 307 4160 absque
330 4069 524 4159 allegatione
547 4071 720 4160 capellani,
740 4095 799 4160 per
821 4095 932 4137 veram
943 4071 1165 4138 infirmitatem
1188 4073 1312 4161 possint

69 4187 103 4243 et
125 4173 266 4242 debeant
288 4176 486 4263 protrahere,
509 4186 540 4241 et
563 4177 597 4242 in
619 4185 734 4264 quarto
749 4176 898 4243 similiter
917 4176 1084 4263 corporale
1090 4179 1313 4263 juramentum

70 4290 248 4370 praestaro,
282 4280 370 4368 quod
405 4304 471 4347 non
500 4281 609 4346 fiotivs
640 4292 718 4348 tunc
749 4279 982 4364 infirmabatur,
1007 4283 1033 4346 si
1055 4280 1208 4368 paruerit.
1245 4279 1313 4369 *sin

69 4396 180 4452 autem
203 4407 286 4468 eum,
311 4387 368 4471 qui
378 4387 554 4451 terminum
565 4394 720 4474 procurat
731 4383 934 4473 prolongare,
949 4385 1121 4470 contigerit
1144 4385 1177 4449 in
1198 4384 1313 4450 cadom

71 4491 261 4556 infirmitate
284 4490 455 4578 demorari,
478 4501 556 4558 tunc
579 4501 693 4578 quarto
713 4491 832 4578 poterit
854 4497 1075 4576 transponere,
1099 4499 1195 4576 prout
1218 4511 1312 4576 supe-

71 4597 140 4662 rius
164 4593 205 4661 dc
228 4594 474 4684 prolongatione
497 4596 648 4683 colloquii
660 4593 822 4684 generalis
836 4602 885 4660 est
897 4614 1096 4680 expressum.
1118 4591 1192 4660 Hoc
1203 4603 1310 4658 tamen

1039 4679 1107 4758 74*
