3082 5128
427 493 552 546 xxxm.
573 493 678 544 seete
695 492 864 544 westinensis
884 491 905 542 1.
1208 477 1282 550 567

392 684 441 748 De
463 683 634 748 violatione
654 681 802 769 publicae
823 691 953 748 stratae.

130 815 207 880 103.
233 813 390 880 Martinus
412 813 618 900 conqueritur
640 811 681 878 de
703 811 847 894 Nicoleo,
870 812 956 900 quod
979 811 1030 878 die
1052 812 1172 880 forensi
1187 813 1286 878 invia

38 917 179 1007 publice
207 917 247 982 de
269 941 349 1005 perc
373 918 496 1004 recepit
518 916 580 983 eibi
601 925 673 984 octo
696 926 815 984 eoottoe
837 916 1011 1001 violenter5
1034 916 1186 984 Nicoluue
1207 939 1285 984 vero

37 1023 223 1111 respondit,
261 1023 348 1110 quod
378 1022 522 1089 indebite
556 1023 660 1108 ipeum
684 1022 905 1104 calumniatur,
944 1043 1006 1088 neo
1028 1021 1163 1088 eandem
1185 1044 1281 1108 poeu-

41 1131 135 1194 niam
159 1129 331 1210 emisisset,
366 1149 427 1194 nee
449 1127 509 1193 eibi
532 1136 663 1214 recepte
684 1126 807 1210 fuisset,
836 1126 949 1193 volene
973 1150 1045 1192 eum
1069 1150 1128 1194 eex
1150 1127 1286 1192 testibus

38 1234 80 1298 de
103 1233 170 1298 hoc
192 1254 228 1298 ee
250 1254 442 1319 expurgare.
484 1231 553 1296 Nee
576 1232 685 1320 iteque
711 1232 745 1296 iu
763 1230 821 1296 teli
843 1253 921 1298 casu
943 1231 1163 1298 decrevimus:
1198 1229 1280 1294 Cum

39 1338 219 1404 duodecim
247 1337 340 1402 bonis
362 1337 508 1420 testibus,
540 1344 572 1402 et
599 1359 663 1402 non
692 1335 907 1423 paucioribus,
930 1335 1000 1400 fieri
1023 1334 1205 1422 hujusmodi
1230 1356 1285 1400 ex·

42 1445 282 1530 purgationem.

420 1582 470 1647 De
492 1584 669 1646 inventione
691 1581 830 1668 alicujus
850 1581 907 1646 rei.

136 1713 211 1777 104.
234 1711 315 1777 Item
327 1711 484 1778 Martinus
501 1711 650 1799 deposuit
664 1721 775 1777 contra
786 1711 965 1786 Nicolaum,
987 1712 1073 1799 quod
1093 1712 1169 1777 dum
1188 1735 1283 1796 egros

41 1818 201 1904 proprios
214 1817 376 1901 coluisset,
399 1816 499 1883 bur-ee
518 1816 622 1882 eidem
639 1817 764 1901 cecidit,
785 1818 817 1882 in
841 1839 905 1904 que
926 1817 1056 1882 fuerunt
1077 1828 1149 1883 octo
1173 1818 1284 1900 ecotti3

44 1920 203 1986 Nicolaue
232 1944 308 1988 vero
336 1923 579 2009 superveniens,
605 1923 730 1988 invenit
755 1919 885 1987 boream
908 1923 1041 1988 eundem
1069 1945 1143 1989 cum
1166 1922 1287 1987 eiedem

45 2039 122 2092 octo
146 2028 269 2110 ecottie,
281 2034 313 2091 et
335 2049 390 2090 ece
413 2027 551 2091 monitu
563 2026 731 2092 restituere
754 2049 818 2091 non
842 2029 975 2092 curavit.
1006 2025 1159 2092 Nicoluue
1180 2037 1287 2093 eutem

45 2133 194 2218 negavit,
214 2154 249 2196 ee
262 2130 457 2218 praedictum
480 2129 611 2196 boreum
635 2131 809 2214 invenisse,
834 2129 899 2218 [vel
922 2133 1089 2219 pecuniam
1113 2131 1286 2217 habuisse]

44 2235 117 2301 Noe
141 2237 251 2323 itaque
279 2235 311 2300 in
342 2235 399 2300 tuli
428 2257 505 2300 cusu
527 2236 703 2302 indiximus
734 2237 838 2301 eidem
854 2235 1004 2320 Nicoieo,
1039 2259 1097 2325 per
1123 2237 1288 2325 proprium

38 2327 265 2426 jumentum
288 2361 324 2404 ee
347 2363 538 2429 expurgare,
561 2340 646 2428 quod
670 2363 733 2406 non
756 2341 887 2418 invenit,
910 2363 970 2406 nec
986 2339 1098 2407 habuit
1119 2341 1287 2428 pecuniam

44 2445 258 2531 praedictam.

411 2584 460 2648 De
483 2583 594 2650 arbore
609 2584 792 2672 fructifero
814 2587 930 2650 eaeciee

140 2715 212 2779 105.
234 2713 422 2798 Stotuimue,
445 2714 532 2800 quod
545 2737 604 2802 pro
621 2714 766 2801 quelibet
786 2714 903 2781 arbore
924 2715 1088 2782 fructifera
1110 2739 1167 2781 eeu
1190 2715 1289 2803 pomi-

44 2821 121 2886 fera
138 2821 273 2902 succine,
295 2817 479 2905 XlIgroeei
499 2818 665 2886 dumtaxat
681 2842 776 2906 passo
799 2819 950 2886 damnum
975 2819 1192 2902 exsolvuntur,
1216 2841 1288 2884 eum

45 2947 159 3012 poene
180 2922 254 2990 XV.

302 3064 352 3127 De
374 3063 593 3152 inculpatione
614 3064 768 3131 celedonii
784 3087 846 3153 per
867 3065 1036 3131 dominum.

142 3195 213 3259 106.
236 3194 417 3280 Praeterea,
431 3217 502 3260 oum
516 3195 662 3262 dominus
675 3207 786 3262 contre
807 3196 996 3264 wiederium
1014 3195 1067 3263 vel
1083 3195 1180 3262 alium
1199 3195 1288 3261 fami·

47 3302 168 3365 lienem
180 3321 282 3376 ouum,
296 3298 457 3387 aliquibus
475 3322 534 3387 pro
546 3299 705 3367 rebuevel
724 3303 848 3390 injuriis
872 3303 937 3368 cuis
959 3301 1289 3390 habetquaestione22

45 3416 130 3470 tunc
154 3403 326 3470 wleduriue
349 3414 405 3470 eut
427 3404 604 3489 familiaris,
623 3404 751 3471 domino
775 3429 833 3472 euo
856 3429 920 3472 non
937 3406 1110 3472 deferendo
1124 3406 1288 3492 juramen-

46 3520 134 3595 tum,
158 3516 305 3574 teneatur
328 3531 363 3574 ee
386 3531 458 3574 curn
479 3532 539 3576 eex
561 3510 696 3575 testibus
720 3533 911 3599 expurgare.

127 3649 247 3714 Notius
264 3658 369 3736 potent
390 3649 567 3714 ecoitete'arn
589 3673 686 3716 emere
707 3652 775 3716 eine
796 3651 955 3716 volontate
976 3649 1097 3714 donnini
1118 3650 1223 3714 ullae.

142 3779 214 3846 107.
247 3778 355 3860 Quum
385 3779 526 3846 officium
563 3781 771 3848 scultetorum
801 3803 927 3868 semper
958 3781 1075 3847 servile
1098 3782 1224 3860 existet,
1258 3789 1291 3844 et

48 3883 96 3949 cd
118 3893 233 3948 nutum
255 3885 456 3950 dominorum
480 3906 608 3951 enorum
633 3895 716 3950 utere
739 3895 771 3952 et
785 3886 891 3952 fecere
903 3887 978 3973 jure
994 3893 1179 3951 teneantur:
1201 3883 1289 3948 inde·

49 4010 131 4054 cene
149 3996 207 4071 eet,
230 3995 267 4052 ut
283 3990 422 4075 majores
435 3997 490 4054 eut
512 3991 710 4076 potentiores
732 4011 892 4077 personae
915 3991 948 4058 in
971 3988 1135 4056 scultetioe
1153 3988 1288 4076 aliquae,

49 4115 150 4178 quem
183 4093 326 4178 ipserum
356 4091 505 4158 villarum
536 4095 585 4160 eui
617 4093 747 4179 domini,
781 4104 993 4162 assumentur.
1037 4093 1161 4160 Idcirco
1184 4095 1289 4159 visum

49 4197 115 4262 fuit
137 4195 253 4260 nostrie
275 4195 465 4264 baronibus:
488 4196 533 4263 Ut
556 4197 662 4264 nullus
684 4198 786 4282 miles,
817 4209 872 4265 aut
892 4199 973 4266 elius
1003 4201 1196 4287 quicumque
1217 4194 1287 4262 illu·

51 4300 141 4384 etrie,
172 4309 257 4365 emet
286 4311 341 4365 eut
369 4303 515 4388 acquiret
543 4303 604 4368 eibi
634 4305 667 4368 in
694 4301 802 4390 alique
833 4303 910 4370 ville
932 4303 1119 4385 scultetiem,
1163 4309 1290 4387 praeter

52 4404 143 4469 iliius
166 4403 264 4469 villee
285 4412 341 4470 eut
362 4407 574 4490 poeeeeeionie
590 4407 710 4473 domini
727 4407 778 4473 vei
795 4410 920 4496 petroni
939 4407 1151 4490 voluntatem3
1173 4407 1289 4472 fectum

52 4517 163 4574 autem
201 4508 393 4594 emptionem
430 4509 484 4575 vel
518 4520 716 4578 contractum
750 4525 861 4578 contre
904 4511 965 4578 hoc
999 4521 1152 4580 etetutnm
1185 4513 1289 4599 ipeem

54 4612 259 4678 decernimus
282 4611 404 4678 irritem
426 4623 458 4680 et
480 4616 618 4682 inanem.
