3070 5118
492 468 589 520 xxxi.
607 467 734 534 nutum
753 467 885 522 emuna.
1231 454 1307 526 507

86 651 192 720 CVII.
231 655 281 720 De
302 657 426 720 actious
450 658 540 722 civili
562 681 656 744 super
676 660 849 722 accisione
871 655 1034 736 siluumun,
1059 677 1270 737 annonarum,

277 771 456 846 pratorum,
481 772 617 849 captura
634 763 776 848 piscium
797 773 826 825 et
848 763 898 825 lu's
919 759 1086 826 similibus.

144 933 177 1011 β.
205 931 233 994 1.
269 929 443 1014 Silvarum,
470 932 633 1014 arborum,
666 954 878 1012 annonarum,
907 943 1070 1020 pratorum
1093 931 1232 997 succisio
1254 929 1307 996 vel

52 1035 232 1120 surreptio,
257 1043 312 1098 sut
334 1045 469 1121 captura
486 1037 622 1121 piscium
647 1047 680 1101 et
701 1037 751 1101 bis
764 1036 926 1119 similium,
948 1059 1007 1122 per
1026 1034 1214 1102 omniafere
1229 1055 1306 1098 eun-

53 1135 130 1198 dem
158 1158 348 1222 processum
371 1139 517 1224 requirit,
539 1161 634 1225 quem
658 1161 757 1227 supra
778 1140 985 1206 devastante
1007 1136 1307 1204 alieuabladaeum

52 1239 256 1306 animalibus
286 1241 353 1306 suis
383 1244 602 1328 exposuimus,
637 1243 757 1308 sdditis
779 1241 1031 1330 particularibus
1059 1241 1306 1327 infrascriptis,

53 1363 140 1426 quae
166 1343 339 1430 aliquando
362 1347 397 1410 in
419 1347 526 1412 causis
549 1345 733 1434 hujusmodi
759 1350 910 1414 norimus
933 1347 1116 1432 contigisse.
1162 1349 1193 1428 fi.
1217 1343 1247 1408 2.
1262 1343 1307 1418 Sl

53 1445 87 1507 in
112 1467 218 1512 causa
238 1446 607 1533 eliquapraemissarum
630 1453 748 1516 citatus
770 1473 846 1516 reus
862 1474 882 1515 a
897 1451 1004 1534 judice
1019 1449 1150 1536 petierit
1160 1444 1307 1520 bedellos

55 1571 115 1613 seu
138 1553 273 1616 nuutios
294 1552 440 1638 partibus
464 1555 632 1638 assignari,
656 1557 712 1640 qui
734 1563 942 1640 prospectum
964 1553 1123 1620 accedant
1145 1549 1305 1616 beredita-

53 1661 122 1716 tcm
153 1663 187 1718 et
217 1653 322 1720 locum
354 1657 466 1742 ipsius,
501 1658 534 1723 iu
563 1657 679 1743 quibus
707 1659 863 1723 asseritur
896 1680 955 1744 per
981 1667 1122 1724 actorem
1153 1654 1307 1720 damnum

53 1756 201 1822 illatum:
232 1779 270 1823 eo
293 1781 371 1824 cssu
394 1757 532 1824 bedellis
555 1760 693 1841 duobus,
717 1780 782 1827 uno
805 1761 930 1826 scilicet
951 1761 1081 1846 utrique
1102 1760 1200 1845 parti,
1222 1779 1307 1823 con-

55 1864 172 1942 cessis,
195 1883 215 1924 a
229 1861 342 1947 jndice
364 1863 521 1928 terminus
543 1865 781 1950 peremptorius
803 1865 998 1950 assignetur,
1022 1866 1056 1928 in
1078 1884 1142 1950 quo
1165 1860 1307 1927 debeant

55 1963 168 2030 diotae
188 1975 296 2049 partes
318 1987 378 2051 per
399 1988 435 2030 se
456 1967 510 2032 vel
532 1975 775 2053 procuratorem
798 1989 856 2032 seu
871 1969 1110 2032 commissarios
1131 1985 1217 2046 suos,
1240 1985 1307 2028 una

54 2088 131 2132 cum
167 2066 313 2148 bedellis,
346 2071 381 2134 in
414 2070 596 2136 hereditate
630 2069 798 2156 praedicte
830 2073 995 2146 interesse,
1038 2081 1071 2134 et
1103 2069 1304 2157 propositum

54 2169 213 2236 damnum
241 2175 412 2258 inspicere,
436 2182 472 2238 nt
501 2175 662 2257 convenit,
693 2173 882 2260 diligentem
917 2172 981 2240 slio
1013 2176 1144 2261 insuper
1166 2170 1305 2236 termino

55 2276 267 2358 assignando,
287 2279 321 2340 in
344 2299 406 2363 quo
428 2286 537 2363 partes
560 2277 694 2343 eaedem
717 2273 790 2344 curn
813 2278 908 2342 dictis
926 2279 1045 2342 nuntiis
1063 2297 1172 2342 coram
1190 2272 1305 2362 judice

56 2375 144 2442 dicto
179 2387 399 2464 compereunt,
420 2378 572 2446 relaturis
601 2380 738 2447 bedellis
768 2381 857 2467 ipsis,
881 2401 963 2466 quse
994 2388 1087 2464 geste
1117 2399 1175 2466 per
1196 2385 1305 2465 partes

55 2479 88 2543 in
112 2501 226 2544 eorum
248 2481 433 2567 praesentis
454 2482 575 2548 fuerint
597 2486 684 2548 circa
706 2505 835 2549 causam
856 2484 890 2548 in
911 2483 1089 2548 hereditate
1106 2483 1177 2569 jam
1200 2481 1304 2559 dieta3

55 2582 106 2646 his
138 2582 290 2650 omuibus
311 2587 400 2670 prius
430 2587 464 2650 in
493 2595 598 2652 terrae
627 2585 747 2652 tabulis
767 2586 885 2668 debite,
909 2595 945 2650 ut
966 2585 1070 2667 decet,
1094 2581 1303 2666 consignatis.

55 2689 84 2766 ξ.
109 2685 140 2750 3.
165 2685 368 2752 Adveniente
391 2689 538 2771 termino,
564 2692 596 2754 in
619 2688 798 2756 hereditate
822 2691 893 2775 ipsa
917 2687 1062 2776 partibus
1085 2683 1304 2754 existentibus

56 2798 88 2851 et
111 2787 251 2854 bedellis
271 2809 330 2876 per
348 2787 494 2876 judicem
517 2793 701 2876 assignatis,
726 2800 816 2858 sewu
845 2793 955 2878 pedes,
980 2791 1135 2877 depositis
1159 2786 1305 2854 vestibus

56 2892 235 2972 consuetis,
258 2891 399 2976 ridente,
421 2893 573 2958 audiente
595 2904 629 2958 et
649 2893 850 2980 intelligente
884 2897 981 2960 citato
1005 2895 1141 2982 ejusque
1164 2889 1303 2966 bedullo,

56 2993 166 3058 locum
207 2995 273 3058 dati
314 2994 423 3060 damni
465 2996 678 3081 personaliter
718 2997 873 3064 calcando
915 2995 1127 3072 demonstret,
1172 2995 1304 3060 dicens:

58 3096 155 3178 ,talis
179 3097 229 3162 .N.
253 3098 407 3164 damnum
441 3099 518 3164 mihi
552 3098 660 3166 intulit
682 3103 715 3166 in
738 3101 810 3169 loeo
844 3103 917 3178 isto,
940 3098 1137 3188 succidendo
1170 3096 1304 3164 arbores

56 3200 148 3280 istas,
171 3202 241 3264 sire
277 3199 418 3283 bladum,
442 3201 512 3281 (vel
543 3202 646 3280 aliter,
669 3215 765 3290 prout
796 3203 884 3268 idem
915 3203 1047 3269 duxerit
1068 3198 1304 3286 asserendum),

56 3303 145 3388 quod
178 3306 312 3369 aestimo
335 3303 377 3370 sd
399 3327 524 3371 marcas
547 3309 674 3392 argenti
701 3305 754 3372 vel
781 3329 912 3392 grossos
936 3307 986 3372 .N.
1009 3307 1104 3390 ,sicut
1135 3306 1169 3370 in
1198 3303 1303 3390 queri·

55 3409 168 3472 monia
190 3429 287 3493 super
308 3408 370 3474 hoe
391 3431 451 3495 per
473 3431 524 3474 me
546 3409 633 3476 facta
654 3410 781 3496 plenius
804 3412 1017 3476 continetur.“
1057 3414 1088 3492 ξ.
1112 3409 1144 3476 4.
1177 3407 1303 3472 (litatus

56 3533 147 3588 vero,
170 3512 199 3574 si
220 3509 433 3578 hereditatem
463 3513 598 3579 eandem
632 3535 724 3581 suem
754 3513 884 3578 duxerit
914 3512 1132 3588 asserendam,
1154 3507 1302 3584 adhibito

56 3613 119 3679 sibi
144 3611 271 3679 bedullo
294 3636 361 3695 suo,
386 3616 541 3702 depositis
565 3617 719 3699 vestibus,
743 3617 958 3682 hereditatem
980 3619 1147 3700 ingressus
1169 3616 1203 3678 iu
1230 3611 1302 3676 loco

57 3719 168 3782 damni
203 3716 279 3798 dati,
316 3717 413 3783 debet
445 3739 591 3785 asserere
624 3719 719 3786 dictis
762 3721 908 3802 bedellis,
939 3719 1071 3784 dicens:
1118 3713 1304 3800 ,hereditas

57 3821 140 3885 haec
162 3827 212 3883 est
234 3823 323 3886 mca“
349 3820 534 3908 (allegando
557 3823 684 3889 titulum
703 3833 736 3888 et
757 3827 819 3908 jus,
843 3822 931 3910 quod
954 3822 1050 3888 habet
1071 3823 1104 3885 in
1127 3819 1193 3900 illa,
1222 3815 1304 3903 adji-

57 3922 163 4008 ciens)
190 3934 242 4002 ,st
265 3924 349 3988 bunc
371 3933 523 4008 actorem,
548 3932 602 4012 qui
624 3948 676 3990 me
699 3929 793 3992 citari
814 3927 901 4006 lecit,
925 3926 1017 3992 trado
1040 3922 1199 3990 beneficio
1223 3920 1302 3985 Pra·
1345 4005 1350 4015 ι

57 4026 151 4110 gensi
184 4027 218 4090 in
249 4025 335 4091 OOC
369 4025 545 4111 denariis“;
588 4038 696 4095 actore
729 4031 801 4115 ipso
836 4032 953 4112 statim,
988 4031 1016 4092 si
1051 4051 1109 4092 sua
1142 4027 1300 4100 interesse

56 4129 221 4215 putaverit
242 4137 275 4193 et
291 4131 347 4216 jus
371 4129 490 4196 habere
513 4131 656 4214 confidit,
679 4135 713 4197 in
737 4132 916 4198 hereditate
949 4131 1115 4218 praedicta
1137 4134 1303 4202 asserente

59 4231 188 4297 bidellis
223 4231 359 4296 eisdem:
395 4241 447 4315 ,et
477 4255 537 4319 ego
562 4234 701 4300 eundem
723 4234 949 4301 adversarium
971 4255 1078 4301 meum
1101 4231 1193 4298 trado
1215 4231 1302 4304 dicto

59 4333 216 4400 beneficio
240 4335 274 4398 in
297 4333 382 4400 CCC
407 4336 577 4402 denariis.“
614 4342 645 4420 ξ.
667 4341 698 4404 5.
722 4337 816 4410 'lbrnc
839 4341 955 4405 citatus
977 4339 1093 4402 iterum
1117 4334 1224 4408 tradat
1242 4353 1307 4406 ¹seu

60 4437 114 4502 det
146 4446 289 4504 actorem
324 4439 410 4506 dicto
447 4441 603 4507 beneficio
643 4444 676 4506 in
699 4439 759 4507 Dc
794 4442 946 4524 denariis,
977 4451 1085 4508 actore
1118 4438 1304 4506 immediate

60 4551 214 4628 sequente
248 4543 380 4610 citatum
411 4545 517 4630 ipsum
547 4544 681 4610 totidem
703 4547 736 4610 in
761 4543 822 4610 Dc
845 4546 986 4612 denariis
1021 4546 1178 4612 beneficio
1205 4567 1304 4630 saepe
1370 4597 1373 4602 .

1005 4705 1007 4710 ,
1024 4653 1097 4726 64*
