3070 5118
223 362 297 440 too
644 381 743 437 xxxi.
761 381 888 450 naues
907 380 1039 437 carolina.

221 567 420 656 imploretur.
466 573 494 651 5.
523 569 560 638 ,3.
602 569 816 656 Inquisitione
849 569 934 635 laeta
969 569 1153 652 summarie,
1188 591 1345 634 excussus
1377 568 1463 634 idem

220 670 384 752 bedellum
407 672 506 738 alium
528 673 665 759 recipiat
685 672 728 738 ad
757 672 938 756 citandum3
978 695 1076 760 quem
1104 671 1198 738 simul
1229 682 1261 737 et
1283 695 1386 752 reum,
1410 673 1462 759 qui

224 776 373 844 citandus
396 786 454 854 est,
476 799 548 844 cum
577 779 778 864 querimonia
800 776 853 846 vel
881 778 974 864 signo
998 777 1078 864 ejus,
1102 785 1135 842 et
1156 777 1294 842 termino
1325 785 1464 862 quatuor

220 883 472 971 septimanarum
504 881 547 946 ad
579 881 700 960 minus,
734 889 791 947 aut
830 903 890 946 sex
921 881 962 946 ad
996 879 1080 966 plus,
1115 878 1158 945 ad
1192 878 1319 945 tabulas
1355 889 1463 946 terrac

220 987 373 1053 decenter
402 986 554 1072 imponat.
600 983 665 1064 Qui
698 983 740 1050 ad
773 985 957 1050 citationem
996 983 1105 1049 debito
1139 1005 1228 1050 mors
1256 982 1365 1048 facere
1400 1005 1463 1048 non

219 1091 354 1155 omittet.
399 1093 429 1172 §-
462 1088 493 1153 4.
534 1085 738 1153 Adveniente
777 1089 923 1171 termino,
961 1089 1127 1174 proposita
1168 1087 1370 1174 querimonia
1407 1108 1464 1174 per

220 1203 372 1276 actorem,
400 1191 516 1258 citatus
539 1192 567 1257 si
595 1192 811 1276 comparuerit
843 1213 902 1278 per
935 1213 970 1254 se
1003 1189 1057 1256 vel
1092 1198 1343 1278 procuratorem,
1378 1187 1464 1254 dicat

219 1297 377 1364 adversus
409 1293 653 1382 querimoniam,
676 1314 759 1380 quae
792 1292 855 1358 sibi
878 1293 1073 1360 videbuntur
1109 1301 1306 1380 opportuna;
1346 1290 1463 1357 deinde

220 1409 355 1488 quaerat
376 1398 418 1466 ab
441 1408 550 1465 actore
572 1405 606 1462 et
627 1395 854 1480 beneficiariis,
878 1405 913 1462 ut
935 1397 1034 1462 moris
1053 1406 1116 1480 est,
1139 1405 1295 1484 utsupra
1317 1397 1352 1460 in
1375 1397 1461 1482 capi·

220 1504 288 1570 tulo
311 1504 352 1570 de
374 1501 477 1590 spolio
500 1500 692 1568 declaratur.
738 1503 768 1582 ξ.
798 1499 829 1564 5.
865 1497 1010 1580 Quaeret
1032 1503 1127 1566 etiam
1161 1497 1373 1586 singulariter
1395 1501 1463 1585 ipse

220 1610 337 1674 citatus
371 1605 413 1672 ab
448 1613 568 1688 actore,
602 1605 630 1669 si
665 1601 812 1668 bodellus
854 1601 955 1686 adest,
990 1604 1047 1691 qui
1081 1602 1193 1670 debuit
1234 1604 1460 1668 excussionem

220 1712 405 1798 prospicere
428 1717 461 1774 et
479 1708 650 1794 inquirere.
678 1704 743 1785 Qui
766 1705 865 1772 debet
885 1706 1010 1791 adesse,
1028 1717 1059 1773 et
1075 1705 1300 1795 praesentibus
1318 1705 1460 1794 partibus

219 1816 252 1879 in
270 1813 395 1901 judicio
417 1811 512 1899 plene
535 1810 668 1893 reterre,
690 1809 843 1897 quioquid
869 1810 953 1876 vidit
976 1820 1008 1876 et
1029 1835 1049 1876 a
1070 1813 1186 1878 vicinis
1208 1810 1367 1898 percepit,
1389 1831 1458 1875 cum

218 1937 304 1984 anno
339 1925 371 1980 et
400 1914 464 1998 die,
495 1915 535 1980 de
575 1917 769 1980 excussione
796 1914 869 2002 jam
901 1913 999 1982 dicta.
1044 1919 1075 1998 ξ.
1105 1917 1135 1987 6.
1174 1915 1211 1982 Si
1245 1913 1398 1980 bsdstles
1431 1914 1459 1976 in

219 2019 375 2087 relatione
397 2018 503 2084 dictae
537 2019 755 2105 inquisitionis
778 2018 865 2083 circa
889 2040 1009 2084 annum
1031 2027 1088 2106 ant
1116 2018 1202 2085 diem
1224 2017 1457 2104 discrepaverit

218 2149 239 2190 a
261 2124 347 2189 dicto
369 2122 499 2204 actoris,
522 2143 620 2208 super
642 2143 706 2208 quo
737 2121 954 2206 interrogetur
987 2123 1154 2188 exstiterat
1176 2145 1197 2186 a
1218 2121 1335 2186 citato:
1371 2129 1458 2186 actor

218 2227 306 2292 idem
337 2226 445 2292 statim
478 2223 565 2290 cedit
593 2225 625 2290 in
658 2246 765 2307 causa,
789 2246 885 2312 quam
922 2233 1031 2290 tamen
1054 2223 1116 2290 sibi
1137 2232 1321 2290 restaurare
1344 2232 1456 2310 potest,

218 2323 328 2398 debila
356 2328 460 2396 forma
489 2335 628 2394 servata.
673 2333 704 2410 ξ.
737 2329 766 2394 7.
801 2327 874 2393 Non
908 2327 1113 2415 discrepante
1148 2325 1306 2394 relatione
1339 2323 1457 2391 bedelli

217 2458 238 2501 a
259 2433 345 2500 dicto
379 2431 509 2512 actoris,
533 2453 630 2519 super
660 2453 724 2518 quo
758 2433 976 2516 interrogatus
1011 2431 1191 2515 exstiterat,
1214 2431 1332 2496 citatus
1366 2429 1459 2494 faciet

216 2536 343 2604 tabulas
366 2535 429 2602 sibi
452 2535 533 2620 legi3
574 2533 691 2622 quibus
726 2556 800 2600 cum
830 2536 1033 2622 querimonia
1065 2535 1231 2623 proposita
1265 2532 1458 2600 concordare

217 2641 366 2729 repertis,
395 2635 590 2725 procedetur
622 2638 664 2704 ad
698 2637 832 2725 reliqua,
865 2639 948 2704 sicut
981 2659 1079 2726 supra
1111 2636 1243 2704 rubrica
1276 2637 1319 2704 de
1359 2635 1457 2724 spolio

216 2742 344 2832 plenius
367 2742 560 2809 continetur.

252 2913 335 2982 CVI.
364 2915 413 2980 De
436 2937 479 2998 eo,
504 2917 560 3001 qai
582 2937 651 2979 corn
673 2913 868 2980 cairwlidcs
889 2915 957 2979 arob
979 2913 1076 2979 blada
1097 2913 1289 2989 desererer-it
1311 2911 1427 2977 alisna.

304 3057 333 3136 ξ.
364 3055 392 3118 1.
434 3053 554 3139 Siquis
573 3054 629 3139 jus
653 3073 744 3116 suum
767 3052 920 3138 prosequi
932 3051 1088 3117 adversus
1110 3051 1219 3135 alium,
1232 3073 1331 3138 quem
1354 3051 1456 3118 dicere

217 3155 298 3222 velit
322 3155 418 3222 blada
440 3178 498 3222 sua
518 3178 592 3222 cum
613 3135 807 3222 adimalibus
830 3153 1040 3221 conculcasse
1061 3153 1114 3221 vel
1138 3153 1232 3221 aliter
1254 3153 1457 3220 devastasse:

217 3260 345 3328 illatum
362 3259 425 3326 sibi
444 3262 598 3326 damnum
617 3258 713 3325 debet
733 3259 836 3346 primo
855 3257 1069 3325 beneficiariis
1089 3267 1194 3324 terrae
1215 3257 1326 3324 lacere
1340 3268 1455 3331 notum,

216 3363 376 3449 aquibus
399 3365 533 3452 recipiat
555 3361 728 3446 bedellum,
752 3363 808 3449 qui
831 3361 1105 3429 conculcationem
1127 3360 1181 3428 vel
1202 3360 1455 3430 devastationem

216 3467 304 3533 illam
335 3465 507 3554 diligenter
537 3466 697 3552 inspiciat,
721 3476 753 3531 et
775 3464 929 3531 damnum
951 3464 1027 3531 inde
1048 3474 1241 3553 proventum
1265 3464 1454 3544 considere,

215 3578 251 3637 ut
281 3593 340 3638 suo
373 3570 445 3637 loco
478 3579 511 3636 et
541 3579 687 3658 ternpore
722 3567 938 3635 beneficiariis
973 3551 1165 3657 supradictis
1199 3569 1241 3635 de
1272 3569 1454 3656 praemissis

214 3671 404 3740 relationem
443 3675 545 3760 possit
589 3672 697 3740 facere
736 3671 975 3740 condecentem.
1020 3677 1050 3757 5.
1092 3674 1123 3739 2.
1163 3673 1239 3739 Post
1281 3675 1454 3760 praemissa

216 3778 352 3865 recipiat
385 3775 490 3842 dietus
524 3785 614 3844 actor
649 3775 812 3843 bedellum
846 3775 946 3843 alium
978 3775 1022 3842 ad
1049 3775 1224 3860 citandum,
1255 3797 1355 3862 quem
1390 3799 1453 3856 cum

215 3882 323 3964 citato,
345 3880 547 3966 querimonia
580 3888 613 3946 et
639 3880 775 3944 termino
806 3880 1001 3967 competenti
1033 3879 1076 3945 ad
1101 3877 1229 3945 tabulas
1250 3881 1332 3966 poni
1354 3879 1454 3948 faciat

215 3982 326 4072 debita
347 3980 452 4048 forma
475 3991 614 4050 servata.
638 3986 669 4065 ξ.
685 3979 761 4048 3.Et
782 3983 917 4048 termino
934 3981 1128 4050 adveniente
1145 3983 1274 4070 judicii,
1299 3981 1454 4049 bedellun

215 4085 314 4152 debet
331 4084 464 4169 babere,
488 4085 543 4173 qui
556 4084 813 4152 devastationem
833 4085 978 4172 inspexit
995 4085 1209 4170 etdamnum;
1233 4087 1289 4172 qui
1313 4085 1453 4173 partibus

214 4189 476 4276 comparentibus
505 4191 538 4255 in
562 4187 688 4278 judicio
719 4187 915 4276 supradicto,
945 4188 1041 4277 plene
1069 4189 1188 4254 referat
1214 4189 1255 4255 de
1283 4188 1347 4274 his,
1379 4211 1453 4277 quaa

215 4291 432 4359 consideravit
446 4301 477 4358 et
496 4292 586 4358 vidit.
610 4297 640 4376 §-
654 4291 685 4360 4.
698 4291 795 4358 Circa
811 4313 895 4378 quae
916 4299 949 4357 et
965 4301 1075 4358 cetera
1086 4291 1323 4378 subsequenter
1335 4293 1453 4380 agenda

213 4396 417 4482 procedatur,
440 4407 476 4462 ut
498 4418 596 4485 supra
618 4397 651 4462 in
675 4395 833 4462 similibus
858 4397 981 4462 seriose
1003 4395 1198 4464 describitur
1220 4404 1253 4461 et
1275 4407 1413 4463 notatur.
