3070 5118
401 423 486 476 XXX.
504 423 646 476 Decretum
663 425 828 476 comitiorum
846 439 883 478 cc.
904 427 980 477 tneo.
1231 413 1306 486 499

38 611 206 698 procedi
227 611 349 678 debere
369 611 475 678 taliter
498 612 724 680 decreverunt:
745 618 776 698 5.
790 615 818 679 1.
850 613 947 696 Quod
969 613 996 680 si
1017 612 1103 680 fama
1124 613 1229 684 forsan
1253 631 1309 688 ant

40 718 215 800 suspicio
249 715 424 783 haberetur
456 739 514 784 sen
547 721 777 805 comperiretur
808 715 1024 806 aliquomodo,
1058 707 1216 788 inbonis
1250 747 1307 792 sea

39 821 253 888 hereditate
275 821 413 910 alicujus
443 819 574 887 baronis
596 821 710 888 falsam
742 823 900 889 monetari
922 821 1102 910 pecuniam,
1125 823 1178 891 vel
1200 827 1307 918 aliqua

40 926 122 992 alia
151 927 283 994 falsitas
298 927 478 992 excerceri:
502 925 556 992 ille
579 926 668 1011 baro,
692 927 725 992 in
748 927 840 1015 cujus
866 926 960 992 bonis
978 925 1161 1012 hujusmodi
1183 929 1306 1000 falsitas

41 1031 243 1116 diceretur,
265 1054 324 1120 per
345 1039 467 1119 septem
500 1029 635 1096 barones
666 1031 729 1096 sibi
751 1051 918 1118 compares
942 1029 1038 1096 debet
1069 1035 1227 1118 convinci,
1251 1040 1307 1124 qni

33 1139 167 1224 jurati
191 1137 363 1223 deponent,
386 1133 474 1223 quod
495 1136 527 1201 in
550 1133 644 1201 bonis
675 1135 745 1223 ejns
766 1133 800 1200 id
824 1133 928 1200 scelus
950 1133 1048 1200 fuerit
1068 1147 1304 1224 perpetratum:

42 1251 84 1306 et
111 1251 204 1308 tuno
225 1249 395 1330 postquam
416 1237 464 1306 illi
485 1248 607 1328 septem
636 1239 829 1327 juraverunt
861 1247 973 1305 contra
993 1239 1109 1326 ipsum,
1131 1244 1240 1310 statim
1264 1249 1305 1312 de

43 1368 211 1432 persona
232 1355 264 1410 et
285 1345 379 1411 bonis
401 1342 549 1411 omnibus
570 1345 672 1430 ipsius
695 1343 836 1410 convicti
864 1350 1028 1428 tamqnam
1045 1343 1114 1430 jam
1136 1344 1303 1436 dampnati

46 1450 279 1538 disponemus
314 1459 346 1514 et
381 1447 545 1528 faciemus,
578 1457 707 1514 nostrae
737 1447 907 1534 potestatis
932 1459 1128 1535 exequentes
1153 1451 1304 1540 officium,

46 1577 120 1642 pro
149 1563 281 1624 nostrae
309 1553 441 1620 arbitrio
471 1551 654 1618 voluntatis.
691 1555 722 1635 5.
757 1553 787 1618 2.
821 1550 946 1633 Quodsi
977 1550 1069 1617 miles
1091 1552 1144 1618 vel
1168 1554 1304 1646 alicujus

48 1657 204 1724 baronis
227 1681 339 1724 servus
370 1657 411 1723 de
440 1655 587 1722 falsitatis
621 1657 754 1721 crimine
784 1664 952 1743 suspectus
982 1654 1109 1723 habitus
1139 1658 1236 1726 fuerit
1271 1675 1303 1730 et

48 1761 230 1851 ejusmodi
247 1784 322 1828 reus
344 1760 474 1828 sceleris
495 1761 681 1847 impetatur:
704 1781 762 1846 per
784 1768 907 1847 septem
928 1761 1026 1843 viros,
1050 1761 1146 1828 etiam
1168 1765 1199 1830 in
1224 1789 1298 1835 oon-

49 1867 191 1935 ditione
214 1869 291 1954 ipsis
313 1867 470 1932 aocumtis
503 1863 665 1952 aequales,
698 1865 768 1930 sive
791 1863 883 1929 miles
916 1873 1084 1930 accusatus
1106 1864 1204 1935 inerit
1230 1873 1301 1940 sive

50 1995 194 2055 servus,
218 1971 273 2058 qui
295 1970 424 2057 quidem
447 1969 511 2034 viri
533 1971 629 2036 etiam
651 1967 692 2034 de
714 1969 849 2033 veritate
862 1965 999 2034 dicenda
1007 1971 1199 2057 juraverint,
1224 1998 1296 2043 con-

50 2079 153 2142 vinci
178 2075 287 2154 debet,
311 2083 343 2140 et
364 2073 450 2160 qnod
472 2095 550 2140 vera
572 2074 614 2139 sit
637 2075 676 2138 de
700 2073 777 2159 ipsis
799 2073 957 2137 accusatis
981 2075 1121 2161 suspicio
1145 2081 1299 2166 excitata,

51 2181 223 2268 probari3
246 2187 278 2244 et
299 2189 376 2244 tunc
398 2181 506 2243 statim
524 2178 564 2244 de
587 2177 732 2264 personis
755 2183 788 2240 et
810 2175 902 2242 bonis
928 2177 1303 2262 ipsornmoonvictornm

53 2284 224 2351 faciemus
243 2286 339 2373 juxta
360 2292 489 2349 nostres
519 2281 756 2369 beneplacitum
784 2276 967 2345 voluntatis.
990 2285 1020 2364 5.
1044 2282 1074 2346 3.
1106 2283 1179 2352 Hoc
1201 2293 1302 2377 speci.

52 2389 160 2454 aliter
184 2411 348 2476 expresso,
383 2386 469 2474 quod
499 2409 558 2474 per
587 2383 765 2450 humilioris
800 2381 993 2450 conditionis
1027 2387 1174 2454 homines
1207 2414 1301 2479 qnam

53 2495 129 2559 sint
151 2495 304 2574 accusati,
327 2491 474 2579 probatio
497 2493 585 2579 ipsus
607 2489 798 2577 suspicionis
820 2486 873 2554 vel
895 2491 1108 2556 accusationis
1128 2515 1193 2561 non
1206 2497 1303 2565 debet

53 2598 136 2664 fieri
159 2597 213 2663 vel
236 2598 377 2680 admitti3
402 2597 483 2661 etsi
506 2619 562 2683 per
584 2595 706 2660 altioris
730 2591 922 2660 conditionis
944 2593 1034 2658 viros
1047 2591 1113 2678 fiet,
1139 2619 1176 2664 eo
1199 2604 1301 2687 magis

54 2701 185 2767 efficax
208 2711 294 2768 mota
316 2709 427 2768 contra
446 2721 520 2766 reos
553 2699 693 2787 suspicio
725 2706 775 2762 est
795 2695 954 2763 habenda.
978 2701 1008 2782 5.
1031 2698 1061 2766 4.
1085 2699 1209 2768 Eodem
1225 2707 1302 2793 jure

54 2807 206 2872 valituro
227 2807 261 2871 in
283 2806 354 2871 cive
376 2804 530 2892 quolibet,
553 2805 608 2892 qui
631 2811 798 2890 suspectus
821 2799 874 2866 vel
903 2800 1030 2868 infamis
1053 2803 1095 2871 de
1117 2807 1213 2874 simili
1237 2814 1300 2878 ori·

55 2914 151 2976 mine
186 2908 364 2993 haberetur,
399 2909 532 2994 scilicet,
564 2918 599 2974 ut
630 2929 688 2995 per
721 2914 843 2993 septem
875 2906 1026 2992 aequales
1058 2908 1120 2975 sibi
1153 2913 1302 2982 vincatur

55 3037 234 3104 compares
257 3013 351 3080 etde
382 3014 484 3101 ipsius
515 3013 653 3080 convicti
676 3030 814 3098 persona
847 3017 879 3073 et
900 3007 1002 3093 bonis,
1027 3013 1184 3101 quidquid
1206 3018 1300 3087 nobis

55 3119 230 3208 placuerit,
253 3117 418 3184 iaciamus.
463 3123 492 3202 5.
525 3117 557 3182 ὅ.
594 3115 748 3182 Necnon
783 3121 815 3178 et
835 3113 868 3178 in
899 3115 1135 3185 examinatione
1158 3123 1302 3208 quolibet

56 3224 189 3310 argenti
213 3222 360 3288 similiter
383 3220 593 3288 observando.
637 3223 667 3303 5.
699 3219 728 3285 6.
751 3216 804 3283 De
826 3218 988 3302 magistris
1022 3233 1128 3289 antem
1151 3237 1301 3295 monetae

54 3351 120 3416 per
146 3326 333 3392 Bohemiam
357 3328 403 3392 sio
426 3335 475 3392 est
496 3323 679 3414 specialiter
702 3321 884 3401 diffinitum,
898 3321 985 3408 quod
1007 3325 1035 3388 si
1057 3331 1211 3414 magister
1232 3356 1300 3400 mo.

56 3441 161 3499 netse
183 3430 400 3518 deprehensus
418 3431 516 3498 fuerit
538 3433 569 3496 in
593 3425 852 3516 aliquafalsitats
871 3430 1006 3512 argenti,
1029 3431 1082 3497 vel
1105 3435 1137 3499 in
1161 3435 1300 3505 falsitate

57 3557 218 3602 excessus
251 3559 418 3602 numerum
455 3535 668 3616 denariorum,
702 3531 758 3618 qui
792 3526 944 3594 fabricari
979 3537 1098 3602 rectius
1129 3539 1170 3605 de
1192 3564 1301 3610 marca

57 3641 191 3728 argenti
220 3641 382 3706 diceretur
403 3663 502 3728 super
524 3659 665 3704 marcam
686 3639 822 3727 argenti,
854 3641 907 3708 vel
928 3635 1036 3722 plnres
1060 3641 1182 3710 scilicet
1204 3667 1299 3732 quam

59 3765 255 3810 concessum
278 3747 329 3828 sit,
352 3744 449 3809 faciat
460 3743 628 3808 fabricari:
652 3749 847 3816 camerarius
871 3759 904 3814 et
925 3745 1181 3813 subcamerarius
1204 3755 1300 3837 regni

60 3849 175 3924 nostri,
199 3849 253 3934 qui
275 3869 333 3934 pro
366 3857 509 3935 tempore
533 3848 659 3931 suerint,
690 3853 876 3919 tractabunt
898 3853 938 3919 de
962 3873 1058 3916 cansa
1079 3850 1176 3938 hujus
1199 3862 1232 3918 et
1254 3854 1299 3921 di-

60 3961 223 4017 acernent.

151 4054 192 4119 ΙΙ.
215 4055 267 4121 De
289 4054 473 4121 hominibus
488 4055 671 4139 Bohemiae,
694 4059 806 4144 quiad
828 4062 1055 4150 eoepeditionam
1066 4075 1292 4148 processerunt

61 4158 170 4224 taliter
192 4169 241 4224 est
263 4158 442 4228 decretum:
465 4165 493 4244 5.
518 4162 547 4226 1.
561 4159 657 4242 Quod
668 4163 775 4230 nullus
797 4165 839 4231 ad
861 4167 1099 4252 expeditionem
1115 4165 1297 4253 procedens

61 4267 95 4328 in
118 4265 222 4350 prima
244 4262 332 4328 dieta
352 4265 536 4350 procinctus
560 4267 609 4330 sni
632 4267 666 4332 in
688 4266 759 4334 loco
792 4271 943 4336 viciniori
964 4269 1072 4337 domui
1098 4293 1175 4336 suae
1197 4293 1293 4358 quam

63 4366 105 4433 ad
127 4365 261 4431 duorum
283 4365 455 4434 miliarium
479 4371 627 4456 spatium,
656 4371 773 4439 audeat
801 4384 1000 4461 pernoctare,
1022 4397 1084 4440 nec
1106 4375 1212 4464 pullos
1235 4399 1297 4442 nec

64 4492 202 4554 anseres,
226 4493 326 4556 equos
349 4493 406 4558 qro
430 4473 576 4541 curribus
607 4475 673 4541 suis
697 4475 749 4543 vel
772 4479 829 4565 p'ro
852 4479 925 4546 aliis
948 4479 1143 4568 utilitatibus
1165 4481 1297 4567 quibus-

64 4595 198 4660 cunque,
221 4573 333 4660 boves,
356 4599 479 4663 porcos,
503 4601 589 4664 oves,
611 4601 724 4666 capras
747 4582 798 4646 vel
810 4581 939 4668 aliquod
963 4585 1091 4664 animal,
1115 4595 1221 4650 vestes
1245 4585 1296 4651 vel

1027 4673 1094 4762 ee*
